
@incollection{chareille_dynamiques_2008,
  title = {Dynamiques Morphologiques et Échelles d'analyse Des Territoires},
  booktitle = {Des Paroisses de {{Touraine}} Aux Communes d'{{Indre}}-et-{{Loire}}. {{La}} Formation Des Territoires},
  author = {Chareille, Pascal and Rodier, Xavier and Zadora-Rio, Elisabeth},
  editor = {Zadora-Rio, Elisabeth},
  date = {2008},
  pages = {260--263},
  publisher = {{FERACF}},
  url = {https://halshs.archives-ouvertes.fr/halshs-00956186},
  keywords = {analyse spatiale,dynamique spatiale,morphologie,paroisses,territoire}
}

@book{crooks_agent-based_2019,
  title = {Agent-{{Based Modelling}} and {{Geographical Information Systems}}: {{A Practical Primer}}},
  shorttitle = {Agent-{{Based Modelling}} and {{Geographical Information Systems}}},
  author = {Crooks, Andrew and Malleson, Nick and Manley, Ed and Heppenstall, Alison},
  date = {2019-01-22},
  edition = {1 edition},
  publisher = {{SAGE Publications Ltd}},
  location = {{Thousand Oaks, CA}},
  url = {https://uk.sagepub.com/en-gb/eur/agent-based-modelling-and-geographical-information-systems/book250134},
  abstract = {This is the era of Big Data and computational social science. It is an era that requires tools which can do more than visualise data but also model the complex relation between data~and~human action, and interaction. Agent-Based Models (ABM) -~computational~models~which simulate human action and interaction – do just that. ~ This textbook explains how to design and build ABM and how to link the models to Geographical Information Systems. It guides you from the basics through to constructing more complex models which work with data and human behaviour in a spatial context. All of the fundamental concepts are explained and related to practical examples to facilitate learning (with models developed in NetLogo with all code examples available on the accompanying website). ~You will be able to use these models to develop your own applications and link, where appropriate, to Geographical Information Systems. ~ All of the key ideas and methods are explained in detail:  geographical modelling;  an introduction to ABM;  the fundamentals of Geographical Information Science;  why ABM and GIS;  using QGIS;  designing and building an ABM;  calibration and validation;  modelling human behavior.  An applied primer, that provides fundamental knowledge and practical skills, it will provide you with the skills to build and run your own models, and to begin your own research projects.},
  isbn = {978-1-4739-5864-7},
  langid = {english},
  pagetotal = {408}
}

@article{cura_old_2017,
  title = {The {{Old}} and the {{New}}: {{Qualifying City Systems}} in the {{World}} with {{Classical Models}} and {{New Data}}},
  shorttitle = {The {{Old}} and the {{New}}},
  author = {Cura, Robin and Cottineau, Clémentine and Swerts, Elfie and Ignazzi, Cosmo Antonio and Bretagnolle, Anne and Vacchiani‐Marcuzzo, Celine and Pumain, Denise},
  date = {2017-10-01},
  journaltitle = {Geographical Analysis},
  volume = {49},
  pages = {363--386},
  issn = {1538-4632},
  doi = {10/gb45hw},
  url = {https://onlinelibrary.wiley.com/doi/abs/10.1111/gean.12129},
  abstract = {Zipf's rank-size rule, lognormal distribution, and Gibrat's urban growth models are considered as summarizing fundamental properties of systems of cities. In this article, they are used as statistical benchmarks for comparing the shapes of urban hierarchies and evolutionary trends of seven systems of cities in the world including BRICS, Europe, and United States. In order to provide conclusions that avoid the pitfalls of too small samples or uncontrolled urban definitions, these models are tested on some 20,000 urban units whose geographically significant delineations were harmonized in each country over 50 years between 1960 and 2010. As a result, if the models appear not always statistically valid, their usefulness is confirmed since the observed deviations from empirical data remain limited and can often be interpreted from the geohistorical context of urbanism proper to each world region. Moreover, the article provides new free software which authorizes the reproducibility of our experiments with our data bases as well as with complementary data.},
  file = {/home/robin/Dropbox/Biblio/Cura_Cottineauet-al/Cura_Cottineauet-al_2017_The_Old_and_the_New.pdf},
  langid = {english},
  number = {4}
}

@article{derville_population_1998,
  title = {La population du Nord au Moyen Age. I : avant 1384},
  shorttitle = {La population du Nord au Moyen Age. I},
  author = {Derville, Alain},
  date = {1998},
  journaltitle = {Revue du Nord},
  volume = {80},
  pages = {501--530},
  doi = {10/ggf2j8},
  url = {https://www.persee.fr/doc/rnord_0035-2624_1998_num_80_326_2872},
  abstract = {Vers 850 la densité atteignait 50 au km2, du moins dans les riches villages du plateau artésien et si on admet un coefficient de feu de 4,5. Or celui-ci était plutôt de 3,5. Bref, dans la région la densité ne devait pas dépasser 12,5. Les invasions normandes furent catastrophiques. Le pays dut se retrouver vide à moitié ou aux trois quarts. Puis la croissance reprit, mais elle échappe à l'observation. Elle dut être moins forte que longue. Vers 1300-1350 en Artois la densité était d'environ 200. Ce chiffre étonnant est justifié par les performances agricoles, qui étaient au moins égales à celles de 1800, et par le fait qu'en 1375, après quatre saignées d'un tiers (1340, 1349, 1360, 1369) la population, réduite des trois quarts, avait encore une densité de 50.v},
  langid = {french},
  number = {326}
}

@inbook{ginot2005explorer,
  title = {Explorer Les Modeles Par Simulation: Application Aux Analyses de Sensibilité},
  booktitle = {Modélisation et Simulation Multi-Agents: Applications Pour Les {{Sciences}} de l’{{Homme}} et de La {{Société}}., Chapitre},
  author = {Ginot, Vincent and Monod, Hervé},
  date = {2005},
  volume = {3},
  pages = {75--101},
  bookauthor = {Amblard, F and Phan, Denis}
}

@article{hamby_review_1994,
  title = {A Review of Techniques for Parameter Sensitivity Analysis of Environmental Models},
  author = {Hamby, D. M.},
  date = {1994-09-01},
  journaltitle = {Environmental Monitoring and Assessment},
  shortjournal = {Environ Monit Assess},
  volume = {32},
  pages = {135--154},
  issn = {1573-2959},
  doi = {10/bp38m8},
  url = {https://doi.org/10.1007/BF00547132},
  abstract = {Mathematical models are utilized to approximate various highly complex engineering, physical, environmental, social, and economic phenomena. Model parameters exerting the most influence on model results are identified through a ‘sensitivity analysis’. A comprehensive review is presented of more than a dozen sensitivity analysis methods. This review is intended for those not intimately familiar with statistics or the techniques utilized for sensitivity analysis of computer models. The most fundamental of sensitivity techniques utilizes partial differentiation whereas the simplest approach requires varying parameter values one-at-a-time. Correlation analysis is used to determine relationships between independent and dependent variables. Regression analysis provides the most comprehensive sensitivity measure and is commonly utilized to build response surfaces that approximate complex models.},
  keywords = {Correlation Analysis,Environmental Management,Mathematical Model,Regression Analysis,Sensitivity Analysis},
  langid = {english},
  number = {2}
}

@thesis{hirtzel2015exploration,
  title = {Exploration Prospective Des Mobilités Résidentielles Dans Une Agglomération Urbaine Au Moyen d'un Modèle de Simulation Multi-Agents ({{MOBISIM}})},
  author = {Hirtzel, Joanne},
  date = {2015},
  institution = {{Université de Franche-Comté}},
  file = {/home/robin/Dropbox/Biblio/Hirtzel/Hirtzel_2015_Exploration_prospective_des_mobilités.pdf}
}

@book{le1976eglise,
  ids = {le\_bras\_leglise\_1976},
  title = {L'église et le village},
  author = {Le Bras, Gabriel and Le Bras-Folain, Marthe},
  date = {1976},
  publisher = {{Flammarion}},
  location = {{Paris}},
  url = {http://gallica.bnf.fr/ark:/12148/bpt6k34031818},
  isbn = {978-2-08-211108-9},
  keywords = {France,Sociologie religieuse,Sociologie rurale},
  langid = {french},
  pagetotal = {289},
  series = {Nouvelle bibliothèque scientifique}
}

@mvbook{mirot1947manuel,
  title = {Manuel de Géographie Historique de La {{France}}},
  author = {Mirot, Albert},
  date = {1950},
  origdate = {1947},
  edition = {2ème},
  volume = {2},
  publisher = {{Picard et Compagnie}},
  location = {{Paris}},
  pagetotal = {310--619},
  volumes = {2}
}

@book{osullivan_spatial_2013,
  title = {Spatial Simulation: Exploring Pattern and Process},
  shorttitle = {Spatial Simulation},
  author = {O'Sullivan, David and Perry, George L. W.},
  date = {2013},
  publisher = {{John Wiley \& Sons Inc}},
  location = {{Chichester, West Sussex, UK}},
  file = {/home/robin/Dropbox/Biblio/O'Sullivan_Perry_2013_Spatial_simulation.pdf},
  isbn = {978-1-119-97080-4 978-1-119-97079-8},
  keywords = {Mathematical models,Spatial analysis (Statistics),Spatial data infrastructures,Tresors_Arnaud},
  pagetotal = {305}
}

@thesis{schmitt_modelisation_2014,
  title = {Modélisation de la dynamique des systèmes de peuplement : de SimpopLocal à SimpopNet.},
  shorttitle = {Modélisation de la dynamique des systèmes de peuplement},
  author = {Schmitt, Clara},
  date = {2014},
  institution = {{Université Paris I - Panthéon-Sorbonne}},
  location = {{paris}},
  url = {https://tel.archives-ouvertes.fr/tel-01077891/document},
  abstract = {L'évolution des villes est-elle le résultat de leurs multiples interactions ? C'est sur ce postulat que s'appuie la théorie évolutive urbaine (Pumain, 2000) pour analyser les processus de croissance des villes. Cette thèse, réalisée dans un contexte inter-disciplinaire, vise à évaluer la validité d'une telle hypothèse par la simulation informatique. Pour mener à bien ce projet, les savoirs accumulés sur la dynamique des systèmes de villes sont d'abord rassemblés afin d'en extraire les grandes caractéristiques, synthétisées sous la forme de dix fait stylisés majeurs. Deux modèles de simulation, SimpopLocal et SimpopNet, sont ensuite construits, documentés de manière standardisée, et explorés de manière systématique. Ces modèles interrogent chacun un aspect précis de la théorie évolutive urbaine: la nature des interactions interurbaines pour le premier et leur support pour le second. Les besoins associés à leur nécessaire évaluation ont guidé la conception et la mise en œuvre de deux protocoles d'explorations systématiques inédits: une méthode de calibrage automatisée, et un protocole d'analyse de sensibilité qui évalue individuellement la contribution de chaque mécanisme aux comportements simulés. Ces deux formes d'exploration confrontent de façon systématique les résultats de simulation avec les connaissances actuelles. Elles montrent que ces modèles sont capables de rendre compte de processus clés de la dynamique des systèmes des villes et prouvent pour la première fois la nécessité de mécanismes d'interactions interurbaines pour simuler des croissances proches des évolutions de systèmes réels.},
  file = {/home/robin/Dropbox/Biblio/Schmitt_2014_Modélisation_de_la_dynamique_des_systèmes_de_peuplement.pdf;/home/robin/Zotero/storage/6QJQPIX9/tel-01077891.html},
  langid = {french},
  type = {Thèse de Doctorat}
}

@collection{zadora-rio_paroisses_2008,
  title = {Des paroisses de Touraine aux communes d’Indre-et-Loire : la formation des territoires},
  shorttitle = {Des paroisses de Touraine aux communes d'Indre-et-Loire},
  editor = {Zadora-Rio, Elisabeth},
  date = {2008},
  volume = {34e Supplément},
  publisher = {{Ferac Editions}},
  location = {{Tours}},
  url = {https://halshs.archives-ouvertes.fr/halshs-00378136},
  file = {/home/robin/Zotero/storage/657NSSQ4/halshs-00378136.html},
  isbn = {978-2-913272-19-4},
  keywords = {Archéologie,communes,Indre-et-Loire,paroisses,territoires,Touraine},
  langid = {french},
  pagetotal = {302},
  series = {Revue archéologique du Centre de la France}
}


