
@thesis{schmitt_modelisation_2014,
  langid = {french},
  location = {{paris}},
  title = {Modélisation de la dynamique des systèmes de peuplement : de SimpopLocal à SimpopNet.},
  url = {https://tel.archives-ouvertes.fr/tel-01077891/document},
  shorttitle = {Modélisation de la dynamique des systèmes de peuplement},
  abstract = {L'évolution des villes est-elle le résultat de leurs multiples interactions ? C'est sur ce postulat que s'appuie la théorie évolutive urbaine (Pumain, 2000) pour analyser les processus de croissance des villes. Cette thèse, réalisée dans un contexte inter-disciplinaire, vise à évaluer la validité d'une telle hypothèse par la simulation informatique. Pour mener à bien ce projet, les savoirs accumulés sur la dynamique des systèmes de villes sont d'abord rassemblés afin d'en extraire les grandes caractéristiques, synthétisées sous la forme de dix fait stylisés majeurs. Deux modèles de simulation, SimpopLocal et SimpopNet, sont ensuite construits, documentés de manière standardisée, et explorés de manière systématique. Ces modèles interrogent chacun un aspect précis de la théorie évolutive urbaine: la nature des interactions interurbaines pour le premier et leur support pour le second. Les besoins associés à leur nécessaire évaluation ont guidé la conception et la mise en œuvre de deux protocoles d'explorations systématiques inédits: une méthode de calibrage automatisée, et un protocole d'analyse de sensibilité qui évalue individuellement la contribution de chaque mécanisme aux comportements simulés. Ces deux formes d'exploration confrontent de façon systématique les résultats de simulation avec les connaissances actuelles. Elles montrent que ces modèles sont capables de rendre compte de processus clés de la dynamique des systèmes des villes et prouvent pour la première fois la nécessité de mécanismes d'interactions interurbaines pour simuler des croissances proches des évolutions de systèmes réels.},
  institution = {{Université Paris I - Panthéon-Sorbonne}},
  type = {Thèse de Doctorat},
  date = {2014},
  author = {Schmitt, Clara},
  file = {/home/robin/Dropbox/Biblio/Schmitt_2014_Modélisation_de_la_dynamique_des_systèmes_de_peuplement.pdf;/home/robin/Zotero/storage/6QJQPIX9/tel-01077891.html}
}

@article{pumain_multilevel_2015,
  title = {Multilevel Comparison of Large Urban Systems},
  issn = {1278-3366},
  doi = {10.4000/cybergeo.26730},
  journaltitle = {Cybergeo: European Journal of Geography},
  shortjournal = {Cybergeo: European Journal of Geography},
  date = {2015},
  author = {Pumain, Denise and Swerts, Elfie and Cottineau, Clémentine and Vacchiani-Marcuzzo, Céline and Ignazzi, Antonio and Bretagnolle, Anne and Delisle, François and Cura, Robin and Lizzi, Liliane and Baffi, Solène}
}

@thesis{rey-coyrehourcq_plateforme_2015,
  langid = {french},
  location = {{Paris}},
  title = {Une plateforme intégrée pour la construction et l’évaluation de modèles de simulation en géographie},
  institution = {{Université Paris I - Panthéon-Sorbonne}},
  type = {Thèse de doctorat en Géographie},
  date = {2015},
  author = {Rey-Coyrehourcq, Sébastien},
  file = {/home/robin/Dropbox/Biblio/Rey-Coyrehourcq_2015_Une_plateforme_intégrée_pour_la_construction_et_l’évaluation_de_modèles_de.pdf}
}

@article{livet2014diversite,
  title = {Diversité et Complémentarité Des Modèles Multi-Agents En Sciences Sociales},
  volume = {55},
  doi = {10/gfw9pr},
  number = {4},
  journaltitle = {Revue française de sociologie},
  date = {2014},
  pages = {689-729},
  keywords = {triangle,schema},
  author = {Livet, Pierre and Phan, Denis and Sanders, Lena},
  file = {/home/robin/Dropbox/Biblio/Livet_Phanet-al/Livet_Phanet-al_2014_Diversité_et_complémentarité_des_modèles.pdf}
}

@article{eilers_its_2017,
  title = {It's Not a {{Bug}}, It's a {{Feature}}: {{How Visual Model Evaluation}} Can Help to Incorporate {{Human Domain Knowledge}} in {{Data Science}}},
  shorttitle = {It's Not a {{Bug}}, It's a {{Feature}}},
  date = {2017},
  keywords = {⛔ No DOI found},
  author = {Eilers, Dennis and Köpp, Cornelius and Gleue, Christoph and Breitner, Michael H.},
  file = {/home/robin/Dropbox/Biblio/Eilers_Köppet-al/Eilers_Köppet-al_2017_It's_not_a_Bug,_it's_a_Feature.pdf}
}

@thesis{amirpour_amraii_human-data_2018,
  title = {Human-{{Data Interaction}} in Large and {{High}}-{{Dimensional Data}}},
  institution = {{University of Pittsburgh}},
  type = {PhD Thesis},
  date = {2018},
  author = {Amirpour Amraii, Saman},
  file = {/home/robin/Dropbox/Biblio/Amirpour Amraii/Amirpour_Amraii_2018_Human-Data_Interaction_in_large_and.pdf}
}

@article{wallentin2017spatial,
  title = {Spatial Simulation: {{A}} Spatial Perspective on Individual-Based Ecology—a Review},
  volume = {350},
  doi = {10/f94gns},
  journaltitle = {Ecological Modelling},
  date = {2017},
  pages = {30-41},
  author = {Wallentin, Gudrun},
  file = {/home/robin/Dropbox/Biblio/Wallentin_2017_Spatial_simulation.pdf},
  publisher = {Elsevier}
}

@book{keim_mastering_2010,
  title = {Mastering the {{Information Age Solving Problems}} with {{Visual Analytics}}},
  publisher = {{Eurographics Association}},
  date = {2010},
  author = {Keim, Daniel and Kohlhammer, Jörn and Ellis, Geoffrey and Mansmann, Florian},
  file = {/home/robin/Dropbox/Biblio/Keim_Kohlhammeret-al/Keim_Kohlhammeret-al_2010_Mastering_the_Information_Age_Solving_Problems.pdf;/home/robin/Zotero/storage/UUBQD5QQ/Capture d’écran de 2018-09-05 14-44-15.png},
  note = {00019}
}

@book{shneiderman_designing_2004,
  title = {Designing the {{User Interface}}: {{Strategies}} for {{Effective Human}}-{{Computer Interaction}} (4th {{Edition}})},
  isbn = {978-0-321-19786-3},
  shorttitle = {Designing the {{User Interface}}},
  publisher = {{Pearson Addison Wesley}},
  date = {2004},
  keywords = {Visual Analysis,design,IHM},
  author = {Shneiderman, Ben and Plaisant, Catherine},
  file = {/home/robin/Dropbox/Biblio/Shneiderman_Plaisant_2004_Designing_the_User_Interface.pdf},
  note = {00000}
}

@article{fotheringham_trends_1999,
  langid = {english},
  title = {Trends in Quantitative Methods {{III}}: Stressing the Visual},
  volume = {23},
  issn = {0309-1325},
  url = {https://doi.org/10.1191/030913299667756016},
  doi = {10/c549jd},
  shorttitle = {Trends in Quantitative Methods {{III}}},
  number = {4},
  journaltitle = {Progress in Human Geography},
  shortjournal = {Progress in Human Geography},
  date = {1999-12-01},
  pages = {597-606},
  keywords = {GWR,parallel coordinates,spatial visualisation},
  author = {Fotheringham, A. Stewart},
  file = {/home/robin/Dropbox/Biblio/Fotheringham/Fotheringham_1999_Trends_in_quantitative_methods_III.pdf},
  note = {00038}
}

@article{arribasbel_geography_2018,
  langid = {english},
  title = {Geography and Computers: {{Past}}, Present, and Future},
  volume = {0},
  issn = {1749-8198},
  url = {https://onlinelibrary.wiley.com/doi/abs/10.1111/gec3.12403},
  doi = {10/gd56wf},
  shorttitle = {Geography and Computers},
  abstract = {The discipline of Geography has long been intertwined with the use of computers. This close interaction is likely to increase with the embeddedness of computers and concomitant growth of spatially referenced data. To better understand the current situation, and to be able to better speculate about the future, this article provides two parallel perspectives: first, we offer an historical perspective on the relationship between Geography and computers; second, we document developments—in particular the nascent field of data science—that are currently taking place outside of Geography and to which we argue the discipline should be paying close attention. Combining both perspectives, we identify the benefits of tighter integration between Geography and Data Science and argue for the establishment of a new space—that we term Geographic Data Science—in which cross-pollination could occur to the benefit of both Geography and the larger data community.},
  number = {0},
  journaltitle = {Geography Compass},
  date = {2018},
  pages = {e12403},
  keywords = {GIS,Computational Geography,Data Science,Geocomputation,Geographic Data Science},
  author = {Arribas‐Bel, Dani and Reades, Jon},
  file = {/home/robin/Dropbox/Biblio/Arribas‐Bel_Reades/Arribas‐Bel_Reades_Geography_and_computers.pdf}
}

@article{coltekin_geovisualization_2018,
  title = {Geovisualization},
  volume = {2018},
  issn = {25772848},
  url = {https://gistbok.ucgis.org/bok-topics/geovisualization},
  doi = {10.22224/gistbok/2018.2.6},
  number = {Q2},
  journaltitle = {Geographic Information Science \& Technology Body of Knowledge},
  date = {2018-04-01},
  author = {Çöltekin, Arzu and Janetzko, Halldór and Fabrikant, Sara},
  file = {/home/robin/Dropbox/Biblio/Çöltekin_Janetzkoet-al/Çöltekin_Janetzkoet-al_2018_Geovisualization.pdf}
}

@incollection{bae_visual_2019,
  langid = {english},
  location = {{Cham}},
  title = {Visual {{Data Analysis}}},
  isbn = {978-3-319-97556-6},
  url = {https://doi.org/10.1007/978-3-319-97556-6_8},
  abstract = {Data Science offers a set of powerful approaches for making new discoveries from large and complex data sets. It combines aspects of mathematics, statistics, machine learning, etc. to turn vast amounts of data into new insights and knowledge. However, the sole use of automatic data science techniques for large amounts of complex data limits the human user’s possibilities in the discovery process, since the user is estranged from the process of data exploration. This chapter describes the importance of Information Visualization (InfoVis) and visual analytics (VA) within data science and how interactive visualization can be used to support analysis and decision-making, empowering and complementing data science methods. Moreover, we review perceptual and cognitive aspects, together with design and evaluation methodologies for InfoVis and VA.},
  booktitle = {Data {{Science}} in {{Practice}}},
  series = {Studies in {{Big Data}}},
  publisher = {{Springer International Publishing}},
  date = {2019},
  pages = {133-155},
  keywords = {Visual Analysis},
  author = {Bae, Juhee and Falkman, Göran and Helldin, Tove and Riveiro, Maria},
  editor = {Said, Alan and Torra, Vicenç},
  file = {/home/robin/Dropbox/Biblio/Bae_Falkmanet-al/Bae_Falkmanet-al_2019_Visual_Data_Analysis.pdf},
  doi = {10.1007/978-3-319-97556-6_8}
}

@article{doraiswamy_spatio-temporal_2018,
  title = {Spatio-{{Temporal Urban Data Analysis}}: {{A Visual Analytics Perspective}}},
  volume = {38},
  issn = {0272-1716},
  doi = {10/gfw9nr},
  shorttitle = {Spatio-{{Temporal Urban Data Analysis}}},
  abstract = {Visual analytics systems can greatly help in the analysis of urban data allowing domain experts from academia and city governments to better understand cities, and thus enable better operations, informed planning and policies. Effectively designing these systems is challenging and requires bringing together methods from different domains. In this paper, we discuss the challenges involved in designing a visual analytics system to interactively explore large spatio-temporal data sets and give an overview of our research that combines visualization and data management to tackle these challenges.},
  number = {5},
  journaltitle = {IEEE Computer Graphics and Applications},
  date = {2018-09},
  pages = {26-35},
  keywords = {Data visualization,Visual Analysis,Spatiotemporal data visualization,Data analysis,computer graphics,Spatiotemporal phenomena,Public transportation,Urban areas,Urban data,spatio-temporal data,urban data},
  author = {Doraiswamy, H. and Freire, J. and Lage, M. and Miranda, F. and Silva, C.},
  file = {/home/robin/Dropbox/Biblio/Doraiswamy_Freireet-al/Doraiswamy_Freireet-al_2018_Spatio-Temporal_Urban_Data_Analysis.pdf},
  note = {00000}
}

@inproceedings{valdez_requirements_2018,
  langid = {american},
  location = {{Berlin}},
  title = {Requirements for {{Reproducibility}} of {{Research}} in {{Situational}} and {{Spatio}}-{{Temporal Visualization}}},
  url = {https://calerovaldez.com/publication/beliv2018/},
  abstract = {Research on spatio-temporal visualization is driven by the develop- ment of novel visualization and data aggregation techniques. Yet, only little research is conducted on the systematic evaluation of such visualizations. Evaluation of such technology is often conducted in real-life settings and thus lacks fundamental requirements for laboratory-based replication. Replication requires other researchers to independently conduct their own experiments to verify your re- sults. In this position paper, we discuss the requirements for repli- cation studies of spatio-temporal visualization systems. These re- quirements are often impossible to achieve for highly contextual visualizations such as spatio-temporal visualizations. We argue that reproducibility—allowing other researchers to validate your findings from your data—is a better aim for highly contextual visualiza- tions. We provide a sample workflow to ensure reproducibility for spatio-temporal visualization and discuss its implications.},
  eventtitle = {{{IEEE VIS}} 2018},
  series = {Beliv {{Workshop}} 2018},
  date = {2018-10-03T21:58:20+02:00},
  author = {Valdez, André Calero and Schaar, Anne Kathrin and Hildebrandt, Julian Romeo and Ziefle, Martina},
  file = {/home/robin/Dropbox/Biblio/Valdez_Schaaret-al_2018_Requirements_for_Reproducibility_of_Research_in_Situational_and_Spatio-Temporal.pdf}
}

@article{sun_simple_2016,
  title = {Simple or Complicated Agent-Based Models? {{A}} Complicated Issue},
  volume = {86},
  issn = {1364-8152},
  url = {http://www.sciencedirect.com/science/article/pii/S1364815216306041},
  doi = {10/f9gf22},
  shorttitle = {Simple or Complicated Agent-Based Models?},
  abstract = {Agent-based models (ABMs) are increasingly recognized as valuable tools in modelling human-environmental systems, but challenges and critics remain. One pressing challenge in the era of “Big Data” and given the flexibility of representation afforded by ABMs, is identifying the appropriate level of complicatedness in model structure for representing and investigating complex real-world systems. In this paper, we differentiate the concepts of complexity (model behaviour) and complicatedness (model structure), and illustrate the non-linear relationship between them. We then systematically evaluate the trade-offs between simple (often theoretical) models and complicated (often empirically-grounded) models. We propose using pattern-oriented modelling, stepwise approaches, and modular design to guide modellers in reaching an appropriate level of model complicatedness. While ABMs should be constructed as simple as possible but as complicated as necessary to address the predefined research questions, we also warn modellers of the pitfalls and risks of building “mid-level” models mixing stylized and empirical components.},
  journaltitle = {Environmental Modelling \& Software},
  shortjournal = {Environmental Modelling \& Software},
  date = {2016-12-01},
  pages = {56-67},
  keywords = {Complexity,Empirically grounded models,Model complicatedness,Pattern-oriented modelling,Stepwise approach},
  author = {Sun, Zhanli and Lorscheid, Iris and Millington, James D. and Lauf, Steffen and Magliocca, Nicholas R. and Groeneveld, Jürgen and Balbi, Stefano and Nolzen, Henning and Müller, Birgit and Schulze, Jule and Buchmann, Carsten M.},
  file = {/home/robin/Dropbox/Biblio/Sun_Lorscheidet-al_2016_Simple_or_complicated_agent-based_models.pdf}
}

@book{etienne_modelisation_2015,
  langid = {french},
  location = {{Bouaye}},
  title = {La modélisation d'accompagnement: partager des représentations, simuler des dynamiques},
  isbn = {2-7380-1381-3},
  url = {https://www.cabdirect.org/cabdirect/abstract/20163154613},
  shorttitle = {Companion modelling},
  abstract = {This book presents the contributions to the interdisciplinary research school entitled "Companion modelling: putting actors in situations to share representations and simulate dynamics". The book takes stock of the concepts, methods and tools developed as part of this participatory research approach and the constraints to its use in support of sustainable development.},
  pagetotal = {299},
  number = {4},
  series = {École-chercheurs INRA},
  publisher = {{FormaSciences, FPN, INRA}},
  date = {2015-07},
  author = {ComMod},
  editor = {Étienne, Michel},
  file = {/home/robin/Dropbox/Biblio/Étienne/Étienne_2015_La_modélisation_d'accompagnement.pdf}
}

@article{chen_supporting_2018,
  langid = {english},
  title = {Supporting {{Story Synthesis}}: {{Bridging}} the {{Gap}} between {{Visual Analytics}} and {{Storytelling}}},
  issn = {1941-0506},
  doi = {10/gfw9pp},
  shorttitle = {Supporting {{Story Synthesis}}},
  abstract = {Visual analytics usually deals with complex data and uses sophisticated algorithmic, visual, and interactive techniques. Findings of the analysis often need to be communicated to an audience that lacks visual analytics expertise. This requires analysis outcomes to be presented in simpler ways than that are typically used in visual analytics systems. However, not only analytical visualizations may be too complex for target audience but also the information that needs to be presented. Hence, there exists a gap on the path from obtaining analysis findings to communicating them, which involves two aspects: information and display complexity. We propose a general framework where data analysis and result presentation are linked by story synthesis, in which the analyst creates and organizes story contents. Differently, from the previous research, where analytic findings are represented by stored display states, we treat findings as data constructs. In story synthesis, findings are selected, assembled, and arranged in views using meaningful layouts that take into account the structure of information and inherent properties of its components. We propose a workflow for applying the proposed framework in designing visual analytics systems and demonstrate the generality of the approach by applying it to two domains, social media, and movement analysis.},
  journaltitle = {IEEE transactions on visualization and computer graphics},
  shortjournal = {IEEE Trans Vis Comput Graph},
  date = {2018-12-21},
  keywords = {Visual Analysis,storytelling},
  author = {Chen, Siming and Li, Jie and Andrienko, Gennady and Andrienko, Natalia and Wang, Yun and Nguyen, Phong H. and Turkay, Cagatay},
  file = {/home/robin/Dropbox/Biblio/Chen_Liet-al/Chen_Liet-al_2018_Supporting_Story_Synthesis.pdf},
  eprinttype = {pmid},
  eprint = {30582542}
}

@incollection{fulda_interactivity_2018,
  langid = {english},
  location = {{Cham}},
  title = {Interactivity to the {{Rescue}}},
  isbn = {978-3-319-97283-1},
  url = {https://doi.org/10.1007/978-3-319-97283-1_12},
  abstract = {As the news moved from print to digital media, dynamic, interactive content was seen as a key ingredient to higher reader engagement. Now after a few years of experience we learn that the “interactivity wherever possible” approach is not necessarily the way to go. Studies suggest that readers often do not notice, or do not care too much about hover/click/discover features inside graphics or charts—especially if the implementation is ragged. In this chapter I want to summarise the current research on interactivity—especially in the news context, to show what practitioners say about standards and the usefulness of interactives, and finally offer some rules of thumb for when and when not to use interactives.},
  booktitle = {Digital {{Investigative Journalism}}: {{Data}}, {{Visual Analytics}} and {{Innovative Methodologies}} in {{International Reporting}}},
  publisher = {{Springer International Publishing}},
  urldate = {2019-01-03},
  date = {2018},
  pages = {123-135},
  author = {Fulda, Johanna},
  editor = {Hahn, Oliver and Stalph, Florian},
  doi = {10.1007/978-3-319-97283-1_12}
}

@incollection{garcia_gonzalez_visual_2019,
  langid = {english},
  location = {{Cham}},
  title = {Visual and {{Spatial Thinking}} in the {{Neogeography Age}}},
  isbn = {978-3-030-04750-4},
  url = {https://doi.org/10.1007/978-3-030-04750-4_19},
  abstract = {The twenty-first century brings us a globalized world, interlinked, virtual and mobile-connected. The Internet provides us huge amount of data that is available. It has modified the number of people who can communicate globally, the formats, the audience and the direction of information flow among others. Information changes continuously, even being modified in real time. All that seemed permanent turns ephemeral, distant becomes close. We are overwhelmed by the information we continually received. The difficulties of management provoke the increase of forms of visual communication in front of the traditional writings. Video graphic, photographic, infographic and cartographic files are growing exponentially. The ability to be connected anywhere and anytime causes location being more and more vague and space and time smaller. Place and location are soaring with the cloud’s virtualization and globalization. However, management of spatial information, geolocation and maps are increasing every day. The use of maps has been democratized thanks to the Internet, cheaper and powerful devices and geolocation. Cartography is the visual expression of spatial information. Maps have the capacity to change our perception of the territory and facts happening there. They help us to understand the world and our life. ‘Where?’ is one of the most basic question words, which are intrinsic to our existence.},
  booktitle = {Geospatial {{Challenges}} in the 21st {{Century}}},
  series = {Key {{Challenges}} in {{Geography}}},
  publisher = {{Springer International Publishing}},
  date = {2019},
  pages = {369-383},
  keywords = {GIS,Visual Analysis,Neogeography,Spatial thinking,VGI},
  author = {García González, Juan Antonio},
  editor = {Koutsopoulos, Kostis and de Miguel González, Rafael and Donert, Karl},
  options = {useprefix=true},
  file = {/home/robin/Dropbox/Biblio/García González/García_González_2019_Visual_and_Spatial_Thinking_in_the_Neogeography.pdf},
  doi = {10.1007/978-3-030-04750-4_19}
}

@collection{sanders2018peupler,
  langid = {french},
  location = {{Tours}},
  title = {Peupler la terre: De la préhistoire à l’ère des métropoles},
  isbn = {978-2-86906-494-2},
  pagetotal = {528},
  series = {Perspectives Villes et Territoires},
  publisher = {{Presses universitaires François-Rabelais}},
  date = {2017-09-27},
  editor = {Sanders, Lena},
  editora = {Van Der Leeuw, Sander},
  editoratype = {collaborator},
  file = {/home/robin/Dropbox/Biblio/Sanders/Sanders_2017_Peupler_la_terre.pdf;/home/robin/Zotero/storage/B83XHJU4/Sanders - 2017 - Peupler la terre De la préhistoire à l’ère des mé.pdf}
}

@inbook{nuninger_cadre_2017,
  location = {{Tours}},
  title = {Un Cadre Conceptuel Générique Pour Décrire Des Transitions Dans Les Systèmes de Peuplement : {{Application}} à Un Corpus de Douze Transitions Entre 70~000 {{BP}} et 2~050},
  isbn = {978-2-86906-677-9},
  url = {http://books.openedition.org/pufr/10527},
  shorttitle = {Chapitre 2. {{Un}} Cadre Conceptuel Générique Pour Décrire Des Transitions Dans Les Systèmes de Peuplement},
  booktitle = {Peupler La Terre : {{De}} La Préhistoire à l’ère Des Métropoles},
  series = {Perspectives {{Villes}} et {{Territoires}}},
  publisher = {{Presses universitaires François-Rabelais}},
  date = {2017-09-27},
  pages = {55-88},
  keywords = {Antiquité,archeologie,géographie,histoire contemporaine,histoire de l’humanité,histoire moderne,Moyen Âge,peuplement,Préhistoire,ville},
  author = {Nuninger, Laure and Sanders, Lena and Banos, Arnaud and Bertoncello, Frédérique and Bretagnolle, Anne and Coupé, Christophe and Crabtree, Stefani A. and Cura, Robin and Ducruet, César and Favory, François and Ferber, Jacques and Fiches, Jean-Luc and Franc, Alain and Garmy, Pierre and Gravier, Julie and Hombert, Jean-Marie and Kaddouri, Lahouari and Kohler, Timothy A. and Leturcq, Samuel and Libourel, Thérèse and Livet, Pierre and Lorans, Élisabeth and Le Néchet, Florent and Mathian, Hélène and Nahassia, Lucie and Ouriachi, Marie-Jeanne and Phan, Denis and Pumain, Denise and Rey-Coyrehourcq, Sébastien and Rodier, Xavier and Schmitt, Clara and Tannier, Cécile and Varenne, Frank and Vacchiani-Marcuzzo, Céline and Zadora-Rio, Elisabeth},
  bookauthor = {Sanders, Lena}
}

@inbook{sanders_geographie_2011,
  langid = {french},
  location = {{Paris}},
  title = {Géographie quantitative et analyse spatiale : Quelles formes de Scientificités?},
  isbn = {978-2-7117-2234-1},
  url = {https://halshs.archives-ouvertes.fr/halshs-01412002/document},
  abstract = {L’ouvrage « Les sciences humaines sont-elles des sciences » (Dir : Thierry Martin) interroge la manière dont les sciences humaines créent de la connaissance scientifique et compare les approches des sciences humaines à celles des sciences de la nature. Cet ouvrage est composé de contributions émanant de différentes disciplines. Ce chapitre aborde les questions du point de vue de la géographie. Cette discipline recouvre un champ de recherche relativement large et varié et elle ne connaît pas les mêmes convergences méthodologiques que par exemple l’économie. Différentes approches et formes de scientificité se côtoient et les objets d’intérêt relèvent aussi bien des sciences de la nature (climatologie, biogéographie) que des sciences sociales (géographie urbaine, géographie sociale par exemple). Certaines questions chères aux géographes sont d’ailleurs à l’interface de ces champs, tel est le cas des problématiques relevant de l’environnement et du développement par exemple. Comme l’indique le titre, le choix a été fait dans cette contribution au débat, de concentrer la réflexion sur certains courants de la géographie, ceux qui ont été les plus concernés par ce qui a été qualifié de « scientifisation ». Il s’agit de montrer, à partir des pratiques des géographes en matière de quantification et de modélisation, quelles formes de scientificité se dessinent et de les comparer à d’autres pratiques de scientificité en sciences sociales, notamment en économie.},
  booktitle = {Les sciences humaines sont-elles des sciences?},
  publisher = {{Vuibert}},
  urldate = {2019-02-20},
  date = {2011},
  author = {Sanders, Lena},
  bookauthor = {Martin, Thierry},
  file = {/home/robin/Dropbox/Biblio/Sanders_2011_GEOGRAPHIE_QUANTITATIVE_ET_ANALYSE_SPATIALE.pdf}
}

@thesis{banos_pour_2013,
  langid = {french},
  location = {{Paris}},
  title = {Pour des pratiques de modélisation et de simulation libérées en Géographie et SHS},
  url = {https://halshs.archives-ouvertes.fr/tel-01112668/document},
  abstract = {Ce travail d’HDR retrace le parcours scientifique de l’auteur et repositionne dans le contexte de sa trajectoire professionnelle son investissement actuel dans l’interdisciplinarité et les sciences de la complexité. Géographe de formation, l’auteur s’est intéressé très tôt aux rapports structures/processus dans l’évolution des systèmes spatiaux et ses investigations l’ont amené à travailler sur les mobilités spatiales et certains de leurs risques ou externalités négatives associés (accidents, pollution, bruit, épidémies, congestion) dans une perspective associant étroitement la modélisation et la simulation, au service d’une démarche délibérément exploratoire. Ce positionnement a amené très tôt l’auteur à s’investir dans l’interdisciplinarité et dans la direction de collectifs interdisciplinaires, à l’image du GDR-E S4, de l’Institut des Systèmes Complexes de Paris-Ile de France ou de l’UMR Géographie-cités (CNRS-Paris1-Paris7).},
  pagetotal = {107},
  institution = {{Université Paris 1 - Panthéon-Sorbonne}},
  type = {Habilitation à Diriger des Recherches},
  date = {2013-12-02},
  keywords = {ABM},
  author = {Banos, Arnaud},
  file = {/home/robin/Dropbox/Biblio/Banos/Banos_2013_Pour_des_pratiques_de_modélisation_et_de.pdf}
}

@incollection{pumain_convergences_2017,
  location = {{Tours}},
  title = {Convergences Disciplinaires Sur Le Concept de Transition},
  isbn = {978-2-86906-677-9},
  url = {http://books.openedition.org/pufr/10515},
  booktitle = {Peupler La Terre : {{De}} La Préhistoire à l’ère Des Métropoles},
  series = {Perspectives {{Villes}} et {{Territoires}}},
  publisher = {{Presses universitaires François-Rabelais}},
  date = {2017},
  pages = {33-53},
  keywords = {Antiquité,archeologie,géographie,histoire contemporaine,histoire de l’humanité,histoire moderne,Moyen Âge,peuplement,Préhistoire,ville},
  author = {Pumain, Denise and Sanders, Lena and Libourel, Thérèse and Kohler, Tim},
  file = {/home/robin/Dropbox/Biblio/Pumain_Sanderset-al/Pumain_Sanderset-al_2018_Convergences_disciplinaires_sur_le_concept_de.pdf}
}

@article{chen_ontological_2019,
  langid = {english},
  title = {An {{Ontological Framework}} for {{Supporting}} the {{Design}} and {{Evaluation}} of {{Visual Analytics Systems}}},
  volume = {38},
  issn = {1467-8659},
  url = {https://onlinelibrary.wiley.com/doi/abs/10.1111/cgf.13677},
  doi = {10/gf7hmk},
  abstract = {Designing, evaluating, and improving visual analytics (VA) systems is a primary area of activities in our discipline. In this paper, we present an ontological framework for recording and categorizing technical shortcomings to be addressed in a VA workflow, reasoning about the causes of such problems, identifying technical solutions, and anticipating secondary effects of the solutions. The methodology is built on the theoretical premise that designing a VA workflow is an optimization of the cost-benefit ratio of the processes in the workflow. It makes uses three fundamental measures to group and connect “symptoms”, “causes”, “remedies”, and “side-effects”, and guide the search for potential solutions to the problems. In terms of requirement analysis and system design, the proposed methodology can enable system designers to explore the decision space in a structured manner. In terms of evaluation, the proposed methodology is time-efficient and complementary to various forms of empirical studies, such as user surveys, controlled experiments, observational studies, focus group discussions, and so on. In general, it reduces the amount of trial-and-error in the lifecycle of VA system development.},
  number = {3},
  journaltitle = {Computer Graphics Forum},
  date = {2019},
  pages = {131-144},
  author = {Chen, Min and Ebert, David S.},
  file = {/home/robin/Dropbox/Biblio/Chen_Ebert/Chen_Ebert_2019_An_Ontological_Framework_for_Supporting_the.pdf}
}

@article{meier_relevance_2019-1,
  langid = {english},
  title = {On the Relevance of Cartography - {{An}} Interaction Design Perspective},
  volume = {2},
  url = {https://ui.adsabs.harvard.edu/abs/2019PrICA...2...84M/abstract},
  doi = {10/gf7hmd},
  abstract = {We see more cartographic products in our digital world than ever before. But what role does cartography play in the modern production of cartographic products? In this position paper, we will argue that the democratization and diffusion of cartographic production has also led to the presumed "fading relevance" of cartography. As an argument against this notion, we highlight starting points for the field of cartography to improve modern cartographic production through its inherent cartographic knowledge.},
  journaltitle = {Proceedings of the ICA},
  date = {2019-07},
  pages = {84},
  author = {Meier, Sebastian and Tost, Jordi and Heidmann, Frank},
  file = {/home/robin/Dropbox/Biblio/Meier_Tostet-al/Meier_Tostet-al_2019_On_the_relevance_of_cartography_-_An_interaction.pdf}
}

@incollection{comin_capture_2013,
  langid = {english},
  location = {{Dordrecht}},
  title = {The {{Capture}} and {{Diffusion}} of {{Knowledge Spillovers}}: {{The Influence}} of the {{Position}} of {{Cities}} in a {{Network}}},
  isbn = {978-94-007-6677-8},
  url = {https://doi.org/10.1007/978-94-007-6677-8_11},
  shorttitle = {The {{Capture}} and {{Diffusion}} of {{Knowledge Spillovers}}},
  abstract = {Cities concentrate economic activities, information, power and people in both quantitative and qualitative ways. Cities are also nodes of complex, interconnected networks. In Europe, the establishment of a large supranational entity has resulted in the multiplication and intensification of the relationships between politically unified countries. The majority of these relationships pass through cities. Studying the complex links that underpin the European system of cities is critical to understanding the interdependencies in the system. Here, the interconnection of European national urban systems is studied by analyzing scientific and technological collaborative-research networks. Such networks make it possible to observe the flow of scientific knowledge within the European system of cities.},
  booktitle = {Methods for {{Multilevel Analysis}} and {{Visualisation}} of {{Geographical Networks}}},
  series = {Methodos {{Series}}},
  publisher = {{Springer Netherlands}},
  date = {2013},
  pages = {177-188},
  keywords = {Betweenness Centrality,Knowledge Spillover,Scientific Collaboration,Tacit Knowledge,Urban System},
  author = {Comin, Marie-Noëlle},
  editor = {Rozenblat, Céline and Melançon, Guy},
  file = {/home/robin/Dropbox/Biblio/Comin/Comin_2013_The_Capture_and_Diffusion_of_Knowledge_Spillovers.pdf},
  doi = {10.1007/978-94-007-6677-8_11}
}

@thesis{cura_conception_2011,
  langid = {french},
  location = {{Paris}},
  title = {Conception de modèles et d'outils de géosimulation},
  url = {https://documentation.ensg.eu/index.php?lvl=notice_display&id=50345},
  abstract = {Les travaux présentés dans ce manuscrit ont été effectués au cours d'un stage d'ingénieur géomaticien de 6 mois dans l'équipe PARIS du laboratoire Géographie-Cités. Nous présentons dans une première partie les réalisations en lien avec des modèles de simulation spatiale, SimpopLocal et SimpopNet. Ce travail inclut la conception et le développement de mécanismes pour enrichir ces modèles et permettre d'aborder de nouvelles questions, ainsi que la réalisation d'un outil de visualisation de trajectoires de villes, TYajPop. Dans la seconde partie, nous présentons les travaux réalisés pour améliorer la cartographie des flux sous SIG. Nous avons développé un plugin pour le SIG libre QGIS, qFlowMapper, en repartant d'un algorithme efficace de la littérature en visualisation.},
  pagetotal = {58 p.},
  institution = {{Université de Paris 1 Panthéon Sorbonne}},
  type = {Mémoire - Rapport de stage},
  date = {2011},
  author = {Cura, Robin},
  file = {/home/robin/Dropbox/Biblio/Cura/Cura_2011_Conception_de_modèles_et_d'outils_de_géosimulation.pdf}
}

@article{batty_rank_2006,
  langid = {english},
  title = {Rank Clocks},
  volume = {444},
  issn = {1476-4687},
  url = {https://www.nature.com/articles/nature05302},
  doi = {10.1038/nature05302},
  abstract = {This paper introduces a method, termed the 'rank clock', to visualize the dynamical behaviour of city size distributions over long periods of time. The clocks show that cities and civilizations rise and fall in size at many times and on many scales, ruling out universal rank-size scaling at the micro-level and associated models of growth by proportionate effect.},
  number = {7119},
  journaltitle = {Nature},
  shortjournal = {Nature},
  date = {2006-11},
  pages = {592-596},
  author = {Batty, Michael},
  file = {/home/robin/Dropbox/Biblio/Batty/Batty_2006_Rank_clocks.pdf}
}

@thesis{comin_reseaux_2009,
  title = {Réseaux de Villes et Réseaux d'innovation En {{Europe}}: Structuration Du Système Des Villes Par Les Réseaux de Recherche Sur Les Technologies Convergentes},
  shorttitle = {Réseaux de Villes et Réseaux d'innovation En {{Europe}}},
  institution = {{Paris 1}},
  type = {PhD Thesis},
  date = {2009},
  author = {Comin, Marie-Noëlle}
}

@online{kaplan_lancement_2013,
  langid = {french},
  title = {Lancement de la « Venice Time Machine »},
  url = {https://fkaplan.wordpress.com/2013/03/14/lancement-de-la-venice-time-machine/},
  abstract = {Le lancement de la Venice Time Machine, grand projet de Digital Humanities entre l’EPFL et l’université Ca’Foscari a donné lieu à plusieurs d’articles de presse et réactions…},
  journaltitle = {Frederic Kaplan},
  urldate = {2019-10-15},
  date = {2013-03-14},
  author = {Kaplan, Frédéric}
}

@incollection{ouriachi_lelaboration_2017,
  location = {{Tours}},
  title = {De l’élaboration de La Transition à Sa Modélisation : {{Retours}} Interdisciplinaires Sur l’expérience {{TransMonDyn}}},
  isbn = {978-2-86906-677-9},
  url = {http://books.openedition.org/pufr/10671},
  shorttitle = {Chapitre 17. {{De}} l’élaboration de La Transition à Sa Modélisation},
  booktitle = {Peupler La Terre : {{De}} La Préhistoire à l’ère Des Métropoles},
  series = {Perspectives {{Villes}} et {{Territoires}}},
  publisher = {{Presses universitaires François-Rabelais}},
  urldate = {2019-10-15},
  date = {2017},
  pages = {461-485},
  keywords = {Antiquité,archeologie,géographie,histoire contemporaine,histoire de l’humanité,histoire moderne,Moyen Âge,peuplement,Préhistoire,ville},
  author = {Ouriachi, Marie-Jeanne and Mathian, Hélène and Zadora-Rio, Elisabeth and Bertoncello, Frédérique and Favory, François and Rodier, Xavier and Garmy, Pierre and Franc, Alain and Banos, Arnaud},
  editor = {Sanders, Lena}
}


