
@phdthesis{schmittModelisationDynamiqueSystemes2014,
  address = {paris},
  type = {{Th\`ese de Doctorat}},
  title = {{Mod\'elisation de la dynamique des syst\`emes de peuplement : de SimpopLocal \`a SimpopNet.}},
  shorttitle = {{Mod\'elisation de la dynamique des syst\`emes de peuplement}},
  abstract = {L'\'evolution des villes est-elle le r\'esultat de leurs multiples interactions ? C'est sur ce postulat que s'appuie la th\'eorie \'evolutive urbaine (Pumain, 2000) pour analyser les processus de croissance des villes. Cette th\`ese, r\'ealis\'ee dans un contexte inter-disciplinaire, vise \`a \'evaluer la validit\'e d'une telle hypoth\`ese par la simulation informatique. Pour mener \`a bien ce projet, les savoirs accumul\'es sur la dynamique des syst\`emes de villes sont d'abord rassembl\'es afin d'en extraire les grandes caract\'eristiques, synth\'etis\'ees sous la forme de dix fait stylis\'es majeurs. Deux mod\`eles de simulation, SimpopLocal et SimpopNet, sont ensuite construits, document\'es de mani\`ere standardis\'ee, et explor\'es de mani\`ere syst\'ematique. Ces mod\`eles interrogent chacun un aspect pr\'ecis de la th\'eorie \'evolutive urbaine: la nature des interactions interurbaines pour le premier et leur support pour le second. Les besoins associ\'es \`a leur n\'ecessaire \'evaluation ont guid\'e la conception et la mise en \oe{}uvre de deux protocoles d'explorations syst\'ematiques in\'edits: une m\'ethode de calibrage automatis\'ee, et un protocole d'analyse de sensibilit\'e qui \'evalue individuellement la contribution de chaque m\'ecanisme aux comportements simul\'es. Ces deux formes d'exploration confrontent de fa{\c c}on syst\'ematique les r\'esultats de simulation avec les connaissances actuelles. Elles montrent que ces mod\`eles sont capables de rendre compte de processus cl\'es de la dynamique des syst\`emes des villes et prouvent pour la premi\`ere fois la n\'ecessit\'e de m\'ecanismes d'interactions interurbaines pour simuler des croissances proches des \'evolutions de syst\`emes r\'eels.},
  language = {fr},
  school = {Universit\'e Paris I - Panth\'eon-Sorbonne},
  author = {Schmitt, Clara},
  year = {2014},
  file = {/home/robin/Dropbox/Biblio/Schmitt_2014_Modélisation_de_la_dynamique_des_systèmes_de_peuplement.pdf;/home/robin/Dropbox/Zotero/storage/6QJQPIX9/tel-01077891.html}
}

@phdthesis{banos_pour_2013,
  type = {Habilitation \`a {{Diriger}} Des {{Recherches}}},
  title = {Pour Des Pratiques de Mod\'elisation et de Simulation Lib\'er\'ees En {{G\'eographie}} et {{SHS}}},
  school = {Universit\'e Paris 1 - Panth\'eon-Sorbonne},
  author = {Banos, Arnaud},
  year = {2013},
  keywords = {ABM},
  file = {/home/robin/Dropbox/Biblio/Banos_2013_Pour_des_pratiques_de_modélisation_et_de_simulation_libérées_en_Géographie_et.pdf}
}

@article{amblard_evaluation_2006,
  title = {Evaluation et Validation de Mod\`eles Multi-Agents},
  journal = {Mod\'elisation et simulation multi-agents. Applications pour les Sciences de l'Homme et de la Soci\'et\'e, Herm\`es},
  author = {Amblard, Fr\'ed\'eric and Rouchier, Juliette and Bommel, Pierre},
  year = {2006},
  keywords = {\#nosource},
  pages = {103--140},
  file = {/home/robin/Dropbox/Biblio/Amblard_Rouchieret-al_2006_Evaluation_et_validation_de_modèles_multi-agents.pdf}
}

@phdthesis{rey-coyrehourcq_plateforme_2015,
  address = {Paris},
  type = {{Th\`ese de doctorat en G\'eographie}},
  title = {{Une plateforme int\'egr\'ee pour la construction et l'\'evaluation de mod\`eles de simulation en g\'eographie}},
  language = {Fran{\c c}ais},
  school = {Universit\'e Paris I - Panth\'eon-Sorbonne},
  author = {{Rey-Coyrehourcq}, S\'ebastien},
  year = {2015},
  file = {/home/robin/Dropbox/Biblio/Rey-Coyrehourcq_2015_Une_plateforme_intégrée_pour_la_construction_et_l’évaluation_de_modèles_de.pdf}
}

@article{balci_validation_1994,
  title = {Validation, Verification, and Testing Techniques throughout the Life Cycle of a Simulation Study},
  volume = {53},
  doi = {10.1007/BF02136828},
  number = {1},
  journal = {Annals of operations research},
  author = {Balci, Osman},
  year = {1994},
  pages = {121--173},
  file = {/home/robin/Dropbox/Biblio/Balci_1994_Validation,_verification,_and_testing_techniques_throughout_the_life_cycle_of_a.pdf}
}

@article{simon1955class,
  title = {On a Class of Skew Distribution Functions},
  volume = {42},
  number = {3/4},
  journal = {Biometrika},
  author = {Simon, Herbert A},
  year = {1955},
  keywords = {\#nosource,❓Multiple DOI},
  pages = {425-440},
  publisher = {{JSTOR}}
}

@article{yule1925ii,
  title = {{{II}}.\textemdash{{A}} Mathematical Theory of Evolution, Based on the Conclusions of {{Dr}}. {{JC Willis}}, {{FR S}}},
  volume = {213},
  doi = {10.1098/rstb.1925.0002},
  number = {402-410},
  journal = {Phil. Trans. R. Soc. Lond. B},
  author = {Yule, G Udny},
  year = {1925},
  keywords = {\#nosource},
  pages = {21-87},
  file = {/home/robin/Dropbox/Biblio/Yule_1925_II.pdf},
  publisher = {{The Royal Society}}
}

@article{livet2014diversite,
  title = {Diversit\'e et Compl\'ementarit\'e Des Mod\`eles Multi-Agents En Sciences Sociales},
  volume = {55},
  doi = {10.3917/rfs.554.0689},
  number = {4},
  journal = {Revue fran{\c c}aise de sociologie},
  author = {Livet, Pierre and Phan, Denis and Sanders, Lena},
  year = {2014},
  keywords = {\#nosource},
  pages = {689-729}
}

@phdthesis{de2008imperfection,
  title = {Imperfection, Temps et Espace: Mod\'elisation, Analyse et Visualisation Dans Un {{SIG}} Arch\'eologique},
  school = {Universit\'e de Reims-Champagne Ardenne},
  author = {De Runz, Cyril},
  year = {2008},
  keywords = {\#nosource}
}

@inproceedings{sargent2009verification,
  title = {Verification and Validation of Simulation Models},
  booktitle = {Simulation {{Conference}} ({{WSC}}), {{Proceedings}} of the 2009 {{Winter}}},
  author = {Sargent, Robert G},
  year = {2009},
  keywords = {face validity},
  pages = {162-176},
  file = {/home/robin/Dropbox/Biblio/Sargent_2009_Verification_and_validation_of_simulation_models.pdf},
  organization = {{IEEE}}
}

@article{lake_trends_2014,
  title = {Trends in {{Archaeological Simulation}}},
  volume = {21},
  issn = {1072-5369, 1573-7764},
  doi = {10.1007/s10816-013-9188-1},
  language = {en},
  number = {2},
  journal = {Journal of Archaeological Method and Theory},
  author = {Lake, M. W.},
  month = jun,
  year = {2014},
  pages = {258-287},
  file = {/home/robin/Dropbox/Biblio/Lake_2014_Trends_in_Archaeological_Simulation.pdf;/home/robin/Dropbox/Biblio/Lake_2014_Trends_in_Archaeological_Simulation.pdf}
}

@article{naylor_verification_1967,
  title = {Verification of {{Computer Simulation Models}}},
  volume = {14},
  issn = {0025-1909},
  abstract = {The problem of validating computer simulation models of industrial systems has received only limited attention in the management science literature. The purpose of this paper is to consider the problem of validating computer models in the light of contemporary thought in the fields of philosophy of science, economic theory, and statistics. In order to achieve this goal we have attempted to gather together and present some of the ideas of scientific philosophers, economists, statisticians, and practitioners in the field of simulation which are relevant to the problem of verifying simulation models. We have paid particular attention to the writings of economists who have been concerned with testing the validity of economic models. Among the questions which we shall consider are included: What does it mean to verify a computer model of an industrial system? Are there any differences between the verification of computer models and the verification of other types of models? If so, what are some of these differences? Also considered are a number of measures and techniques for testing the "goodness of fit" of time series generated by computer models to observed historical series.},
  number = {2},
  journal = {Management Science},
  author = {Naylor, Thomas H. and Finger, J. M.},
  year = {1967},
  pages = {B92-B106},
  file = {/home/robin/Dropbox/Biblio/Naylor_Finger_1967_Verification_of_Computer_Simulation_Models.pdf}
}

@article{hermann_validation_1967,
  title = {Validation {{Problems}} in {{Games}} and {{Simulations}} with {{Special Reference}} to {{Models}} of {{International Politics}}},
  volume = {12},
  issn = {0005-7940},
  language = {English},
  number = {3},
  journal = {Behavioral Science},
  author = {Hermann, Charles},
  year = {1967},
  keywords = {Psychology,Social Sciences (General)},
  file = {/home/robin/Dropbox/Biblio/Hermann_1967_Validation_Problems_in_Games_and_Simulations_with_Special_Reference_to_Models.pdf}
}

@article{kennedy_verification_2006,
  title = {Verification and Validation of Agent-Based and Equation-Based Simulations: {{A}} Comparison},
  volume = {38},
  shorttitle = {Verification and Validation of Agent-Based and Equation-Based Simulations},
  number = {2},
  journal = {Simulation series},
  author = {Kennedy, Ryan C. and Xiang, Xiorong and Cosimano, Thomas F. and Arthurs, Leilani A. and Maurice, Patricia A. and Madey, Gregory R. and Cabaniss, Stephen E.},
  year = {2006},
  keywords = {face validity},
  pages = {95},
  file = {/home/robin/Dropbox/Biblio/Kennedy_Xianget-al_2006_Verification_and_validation_of_agent-based_and_equation-based_simulations.pdf}
}

@article{augusiak_merging_2014,
  series = {Population Models for Ecological Risk Assessment of Chemicals},
  title = {Merging Validation and Evaluation of Ecological Models to `Evaludation': {{A}} Review of Terminology and a Practical Approach},
  volume = {280},
  issn = {0304-3800},
  shorttitle = {Merging Validation and Evaluation of Ecological Models to `Evaludation'},
  doi = {10.1016/j.ecolmodel.2013.11.009},
  abstract = {Confusion about model validation is one of the main challenges in using ecological models for decision support, such as the regulation of pesticides. Decision makers need to know whether a model is a sufficiently good representation of its real counterpart and what criteria can be used to answer this question. Unclear terminology is one of the main obstacles to a good understanding of what model validation is, how it works, and what it can deliver. Therefore, we performed a literature review and derived a standard set of terms. `Validation' was identified as a catch-all term, which is thus useless for any practical purpose. We introduce the term `evaludation', a fusion of `evaluation' and `validation', to describe the entire process of assessing a model's quality and reliability. Considering the iterative nature of model development, the modelling cycle, we identified six essential elements of evaludation: (i) `data evaluation' for scrutinising the quality of numerical and qualitative data used for model development and testing; (ii) `conceptual model evaluation' for examining the simplifying assumptions underlying a model's design; (iii) `implementation verification' for testing the model's implementation in equations and as a computer programme; (iv) `model output verification' for comparing model output to data and patterns that guided model design and were possibly used for calibration; (v) `model analysis' for exploring the model's sensitivity to changes in parameters and process formulations to make sure that the mechanistic basis of main behaviours of the model has been well understood; and (vi) `model output corroboration' for comparing model output to new data and patterns that were not used for model development and parameterisation. Currently, most decision makers require `validating' a model by testing its predictions with new experiments or data. Despite being desirable, this is neither sufficient nor necessary for a model to be useful for decision support. We believe that the proposed set of terms and its relation to the modelling cycle can help to make quality assessments and reality checks of ecological models more comprehensive and transparent.},
  journal = {Ecological Modelling},
  author = {Augusiak, Jacqueline and {Van den Brink}, Paul J. and Grimm, Volker},
  month = may,
  year = {2014},
  keywords = {Decision support,Documentation,Ecological models,Model validation,Risk assessment,Terminology},
  pages = {117-128},
  file = {/home/robin/Dropbox/Biblio/Augusiak_Van_den_Brinket-al_2014_Merging_validation_and_evaluation_of_ecological_models_to_‘evaludation’.pdf;/home/robin/Dropbox/Zotero/storage/TEUQ34M4/S0304380013005450.html}
}

@inproceedings{klugl_validation_2008,
  address = {New York, NY, USA},
  series = {SAC '08},
  title = {A {{Validation Methodology}} for {{Agent}}-Based {{Simulations}}},
  isbn = {978-1-59593-753-7},
  doi = {10.1145/1363686.1363696},
  abstract = {Validity forms the basic prerequisite for every simulation model, therefore also for reasonable usage of the agent-based simulation paradigm. However, models based on the multi-agent system metaphor tend to need some particular approaches. In this paper, I propose a process for validating agent-based simulation models that combines face validation, sensitivity analysis, calibration and statistical validation.},
  booktitle = {Proceedings of the 2008 {{ACM Symposium}} on {{Applied Computing}}},
  publisher = {{ACM}},
  author = {Kl\"ugl, Franziska},
  year = {2008},
  keywords = {face validity},
  pages = {39--43},
  file = {/home/robin/Dropbox/Biblio/Klügl_2008_A_Validation_Methodology_for_Agent-based_Simulations.pdf}
}

@article{banos2013modeliser,
  title = {Mod\'eliser et Simuler Les Syst\`emes Spatiaux En G\'eographie},
  volume = {2},
  journal = {Mod\'eliser \& simuler. Sous la dir. de F. Varenne et M. Silberstein. Edition Mat\'eriologiques},
  author = {Banos, Arnaud and Sanders, Lena},
  year = {2013},
  pages = {2},
  file = {/home/robin/Dropbox/Biblio/Banos_Sanders_2013_Modéliser_et_simuler_les_systèmes_spatiaux_en_géographie.pdf}
}

@incollection{ngo_calibration_2012,
  address = {Dordrecht},
  title = {Calibration and {{Validation}} of {{Agent}}-{{Based Models}} of {{Land Cover Change}}},
  isbn = {978-90-481-8927-4},
  abstract = {This chapter considers two important issues in the development of agent-based models, i.e. calibration and validation. These terms are defined and framed into a step-by-step process. Each step is then explained in further detail and illustrated using an agent-based model of shifting cultivation developed by Ngo (2009) as part of his PhD research project. Although the process of model validation presented here is applicable to agent-based models in general, some of the finer details are more relevant to agent-based models of land use and land cover change.},
  language = {en},
  booktitle = {Agent-{{Based Models}} of {{Geographical Systems}}},
  publisher = {{Springer Netherlands}},
  author = {Ngo, The An and See, Linda},
  editor = {Heppenstall, Alison J. and Crooks, Andrew T. and See, Linda M. and Batty, Michael},
  year = {2012},
  keywords = {Genetic Algorithm,Land Cover Change,Mean Absolute Percentage Error,Root Mean Square Error,Sampling Window},
  pages = {181-197},
  file = {/home/robin/Dropbox/Biblio/Ngo_See_2012_Calibration_and_Validation_of_Agent-Based_Models_of_Land_Cover_Change.pdf},
  doi = {10.1007/978-90-481-8927-4_10}
}

@inproceedings{balci1998verification,
  title = {Verification, Validation, and Accreditation},
  volume = {1},
  booktitle = {1998 {{Winter Simulation Conference}}. {{Proceedings}} ({{Cat}}. {{No}}. {{98CH36274}})},
  author = {Balci, Osman},
  year = {1998},
  pages = {41-48},
  file = {/home/robin/Dropbox/Biblio/Balci_1998_Verification,_validation,_and_accreditation.pdf},
  organization = {{IEEE}}
}

@article{petty2010verification,
  title = {Verification, Validation, and Accreditation},
  journal = {Modeling and simulation fundamentals: Theoretical underpinnings and practical domains},
  author = {Petty, Mikel D},
  year = {2010},
  pages = {325-372},
  file = {/home/robin/Dropbox/Biblio/Petty_2010_Verification,_validation,_and_accreditation.pdf},
  publisher = {{John Wiley \& Sons Hoboken, NJ}}
}

@misc{thomas_revisiting_2012,
  title = {Revisiting the {{Iterative Incremental Mona Lisa}}},
  abstract = {In his brilliant post Don't know what I want, but I know how to get it Jeff Patton used a sketch of Mona Lisa to illustrate the difference between Iterative and Incremental development. Jeff points\ldots{}},
  journal = {It's a Delivery Thing},
  author = {Thomas, Steven},
  month = dec,
  year = {2012},
  file = {/home/robin/Dropbox/Zotero/storage/JT7CXCZM/revisiting-the-iterative-incremental-mona-lisa.html}
}

@inproceedings{sargent_history_2017,
  title = {History of Verification and Validation of Simulation Models},
  doi = {10.1109/WSC.2017.8247794},
  abstract = {This paper gives the history of verification and validation of discrete-event simulation models as seen through the eyes of its authors and their experiences. The history is divided into three time periods: the early era covering years up to 1970, the awareness era covering the years of the 1970s and 1980s, and the modern era covering the years of 1990 to the present.},
  booktitle = {2017 {{Winter Simulation Conference}} ({{WSC}})},
  author = {Sargent, R. G. and Balci, O.},
  month = dec,
  year = {2017},
  keywords = {TO_READ,discrete event simulation,discrete-event simulation models,Erbium,formal verification,Operations research,Evaluation},
  pages = {292-307},
  file = {/home/robin/Dropbox/Biblio/Sargent_Balci_2017_History_of_verification_and_validation_of_simulation_models.pdf;/home/robin/Dropbox/Zotero/storage/ANH9RB7P/8247794.html}
}

@inproceedings{sargent_validation_1979,
  address = {Piscataway, NJ, USA},
  series = {WSC '79},
  title = {Validation of {{Simulation Models}}},
  abstract = {This is a tutorial paper on validation of simulation models. Included in this tutorial are what is meant by validation, the problem dependent characteristics of simulation model validation, descriptions of the various validation techniques and their use and a discussion on the statistics used in validation techniques (but not the detailed statistical tests themselves).},
  booktitle = {Proceedings of the 11th {{Conference}} on {{Winter Simulation}} - {{Volume}} 2},
  publisher = {{IEEE Press}},
  author = {Sargent, Robert G.},
  year = {1979},
  pages = {497--503},
  file = {/home/robin/Dropbox/Biblio/Sargent_1979_Validation_of_Simulation_Models.pdf}
}


