
@inreference{academie_francaise_interface_2019,
  title = {Interface},
  url = {https://www.dictionnaire-academie.fr/article/A9I1677},
  abstract = {interface},
  booktitle = {Dictionnaire de l'{{Académie}} Française, 9ème Édition},
  date = {2019},
  author = {{Académie française}}
}


