
@thesis{schmitt_modelisation_2014,
  langid = {french},
  location = {{paris}},
  title = {Modélisation de la dynamique des systèmes de peuplement : de SimpopLocal à SimpopNet.},
  url = {https://tel.archives-ouvertes.fr/tel-01077891/document},
  shorttitle = {Modélisation de la dynamique des systèmes de peuplement},
  abstract = {L'évolution des villes est-elle le résultat de leurs multiples interactions ? C'est sur ce postulat que s'appuie la théorie évolutive urbaine (Pumain, 2000) pour analyser les processus de croissance des villes. Cette thèse, réalisée dans un contexte inter-disciplinaire, vise à évaluer la validité d'une telle hypothèse par la simulation informatique. Pour mener à bien ce projet, les savoirs accumulés sur la dynamique des systèmes de villes sont d'abord rassemblés afin d'en extraire les grandes caractéristiques, synthétisées sous la forme de dix fait stylisés majeurs. Deux modèles de simulation, SimpopLocal et SimpopNet, sont ensuite construits, documentés de manière standardisée, et explorés de manière systématique. Ces modèles interrogent chacun un aspect précis de la théorie évolutive urbaine: la nature des interactions interurbaines pour le premier et leur support pour le second. Les besoins associés à leur nécessaire évaluation ont guidé la conception et la mise en œuvre de deux protocoles d'explorations systématiques inédits: une méthode de calibrage automatisée, et un protocole d'analyse de sensibilité qui évalue individuellement la contribution de chaque mécanisme aux comportements simulés. Ces deux formes d'exploration confrontent de façon systématique les résultats de simulation avec les connaissances actuelles. Elles montrent que ces modèles sont capables de rendre compte de processus clés de la dynamique des systèmes des villes et prouvent pour la première fois la nécessité de mécanismes d'interactions interurbaines pour simuler des croissances proches des évolutions de systèmes réels.},
  institution = {{Université Paris I - Panthéon-Sorbonne}},
  type = {Thèse de Doctorat},
  date = {2014},
  author = {Schmitt, Clara},
  file = {/home/robin/Dropbox/Biblio/Schmitt_2014_Modélisation_de_la_dynamique_des_systèmes_de_peuplement.pdf;/home/robin/.mozilla/firefox/2czgwusc.default/zotero/storage/6QJQPIX9/tel-01077891.html}
}

@thesis{de2008imperfection,
  title = {Imperfection, Temps et Espace: Modélisation, Analyse et Visualisation Dans Un {{SIG}} Archéologique},
  institution = {{Université de Reims-Champagne Ardenne}},
  date = {2008},
  author = {De Runz, Cyril}
}

@article{livet2014diversite,
  title = {Diversité et Complémentarité Des Modèles Multi-Agents En Sciences Sociales},
  volume = {55},
  number = {4},
  journaltitle = {Revue française de sociologie},
  date = {2014},
  pages = {689-729},
  author = {Livet, Pierre and Phan, Denis and Sanders, Lena}
}

@article{yule1925ii,
  title = {{{II}}.—{{A}} Mathematical Theory of Evolution, Based on the Conclusions of {{Dr}}. {{JC Willis}}, {{FR S}}},
  volume = {213},
  number = {402-410},
  journaltitle = {Phil. Trans. R. Soc. Lond. B},
  date = {1925},
  pages = {21-87},
  author = {Yule, G Udny},
  publisher = {{The Royal Society}}
}

@article{simon1955class,
  title = {On a Class of Skew Distribution Functions},
  volume = {42},
  number = {3/4},
  journaltitle = {Biometrika},
  date = {1955},
  pages = {425-440},
  author = {Simon, Herbert A},
  publisher = {{JSTOR}}
}


