
@collection{zadora-rio_paroisses_2008,
  langid = {french},
  location = {{Tours}},
  title = {Des paroisses de Touraine aux communes d’Indre-et-Loire : la formation des territoires},
  volume = {34e Supplément},
  isbn = {978-2-913272-19-4},
  url = {https://halshs.archives-ouvertes.fr/halshs-00378136},
  shorttitle = {Des paroisses de Touraine aux communes d'Indre-et-Loire},
  pagetotal = {302},
  series = {Revue archéologique du Centre de la France},
  publisher = {{Ferac Editions}},
  date = {2008},
  keywords = {Archéologie,communes,Indre-et-Loire,paroisses,territoires,Touraine},
  editor = {Zadora-Rio, Elisabeth},
  file = {/home/robin/Zotero/storage/657NSSQ4/halshs-00378136.html},
  note = {34e Supplément à la Revue Archéologique du Centre de la France, Tours}
}

@thesis{schmitt_modelisation_2014,
  langid = {french},
  location = {{paris}},
  title = {Modélisation de la dynamique des systèmes de peuplement : de SimpopLocal à SimpopNet.},
  url = {https://tel.archives-ouvertes.fr/tel-01077891/document},
  shorttitle = {Modélisation de la dynamique des systèmes de peuplement},
  abstract = {L'évolution des villes est-elle le résultat de leurs multiples interactions ? C'est sur ce postulat que s'appuie la théorie évolutive urbaine (Pumain, 2000) pour analyser les processus de croissance des villes. Cette thèse, réalisée dans un contexte inter-disciplinaire, vise à évaluer la validité d'une telle hypothèse par la simulation informatique. Pour mener à bien ce projet, les savoirs accumulés sur la dynamique des systèmes de villes sont d'abord rassemblés afin d'en extraire les grandes caractéristiques, synthétisées sous la forme de dix fait stylisés majeurs. Deux modèles de simulation, SimpopLocal et SimpopNet, sont ensuite construits, documentés de manière standardisée, et explorés de manière systématique. Ces modèles interrogent chacun un aspect précis de la théorie évolutive urbaine: la nature des interactions interurbaines pour le premier et leur support pour le second. Les besoins associés à leur nécessaire évaluation ont guidé la conception et la mise en œuvre de deux protocoles d'explorations systématiques inédits: une méthode de calibrage automatisée, et un protocole d'analyse de sensibilité qui évalue individuellement la contribution de chaque mécanisme aux comportements simulés. Ces deux formes d'exploration confrontent de façon systématique les résultats de simulation avec les connaissances actuelles. Elles montrent que ces modèles sont capables de rendre compte de processus clés de la dynamique des systèmes des villes et prouvent pour la première fois la nécessité de mécanismes d'interactions interurbaines pour simuler des croissances proches des évolutions de systèmes réels.},
  institution = {{Université Paris I - Panthéon-Sorbonne}},
  type = {Thèse de Doctorat},
  date = {2014},
  author = {Schmitt, Clara},
  file = {/home/robin/Dropbox/Biblio/Schmitt_2014_Modélisation_de_la_dynamique_des_systèmes_de_peuplement.pdf;/home/robin/Zotero/storage/6QJQPIX9/tel-01077891.html}
}

@article{schmitt_half_2015,
  langid = {english},
  title = {Half a Billion Simulations: Evolutionary Algorithms and Distributed Computing for Calibrating the {{SimpopLocal}} Geographical Model},
  volume = {advance online publication},
  url = {https://journals.sagepub.com/doi/abs/10.1068/b130064p},
  doi = {10.1068/b130064p},
  shorttitle = {Half a {{Billion Simulations}}},
  abstract = {Multiagent geographical models integrate very large numbers of spatial interactions. In order to validate these models a large amount of computing is necessary ...},
  journaltitle = {Environment and Planning B: Planning and Design},
  shortjournal = {EPB},
  date = {2015-01-01},
  author = {Schmitt, Clara and Rey-Coyrehourcq, Sébastien and Reuillon, Romain and Pumain, Denise},
  file = {/home/robin/Dropbox/Biblio/Schmitt_Rey-Coyrehourcqet-al/Schmitt_Rey-Coyrehourcqet-al_2015_Half_a_billion_simulations.pdf}
}

@inproceedings{cura_visuagent_2014,
  location = {{Grenoble}},
  title = {{{VisuAgent}} – {{Un}} Environnement d’exploration Visuelle de Données Spatio-Temporelles Issues de Simulation},
  url = {http://rcura.github.io/VisuAgent/},
  eventtitle = {{{SAGEO}} 2014},
  series = {Session {{Demo}}},
  date = {2014-11-24},
  keywords = {ABM,Visualisation},
  author = {Cura, Robin and Boukhechba, Mehdi and Mathian, Hélène and Le Néchet, Florent and Sanders, Lena},
  note = {SAGEO 2014, Atelier Démo}
}

@inproceedings{edmonds_kiss_2005,
  langid = {english},
  title = {From {{KISS}} to {{KIDS}} – {{An}} ‘{{Anti}}-Simplistic’ {{Modelling Approach}}},
  isbn = {978-3-540-32243-6},
  url = {http://link.springer.com/chapter/10.1007/978-3-540-32243-6_11},
  abstract = {A new approach is suggested under the slogan “Keep it Descriptive Stupid” (KIDS) that encapsulates a trend in increasingly descriptive agent-based social simulation. The KIDS approach entails one starts with the simulation model that relates to the target phenomena in the most straight-forward way possible, taking into account the widest possible range of evidence, including anecdotal accounts and expert opinion. Simplification is only applied if and when the model and evidence justify this. This contrasts sharply with the KISS approach where one starts with the simplest possible model and only moves to a more complex one if forced to. An example multi-agent simulation of domestic water demand and social influence is described.},
  booktitle = {International Workshop on Multi-Agent Systems and Agent-Based Simulation},
  series = {Lecture {{Notes}} in {{Computer Science}}},
  publisher = {{Springer Berlin Heidelberg}},
  date = {2005},
  pages = {130--144},
  keywords = {⛔ No DOI found,Artificial Intelligence (incl. Robotics),Computer Appl. in Social and Behavioral Sciences,Computer Communication Networks,Information Systems Applications (incl.Internet),Simulation},
  author = {Edmonds, Bruce and Moss, Scott},
  editor = {Davidsson, Paul and Logan, Brian and Takadama, Keiki},
  file = {/home/robin/Dropbox/Biblio/Edmonds_Moss/Edmonds_Moss_2004_From_KISS_to_KIDS–an_‘anti-simplistic’modelling.pdf;/home/robin/Zotero/storage/PSD5KAGP/10.html}
}

@incollection{tannier_ontologie_2014,
  title = {Une Ontologie Pour Décrire Les Transformations Du Système de Peuplement Européen Entre 800 et 1100},
  url = {https://hal.archives-ouvertes.fr/hal-01021976},
  booktitle = {Ontologies et Modélisation Par {{SMA}} En {{SHS}}},
  publisher = {{Hermès - Lavoisier}},
  date = {2014},
  pages = {289-310},
  keywords = {peuplement européen,transformations},
  author = {Tannier, Cécile and Zadora-Rio, Elisabeth and Leturcq, Samuel and Rodier, Xavier and Lorans, Elisabeth},
  editor = {Phan, Denis},
  file = {/home/robin/Dropbox/Biblio/Tannier_Zadora-Rioet-al/Tannier_Zadora-Rioet-al_2014_Une_ontologie_pour_décrire_les_transformations_du.pdf}
}

@inproceedings{banos2005voie,
  location = {{Orléans}},
  title = {La Voie de l’étonnement: Favoriser l’abduction Dans Les {{Systèmes}} d’{{Information Géographique}}},
  isbn = {2-913454-25-9},
  eventtitle = {Colloque {{International Géomatique}} et {{Applications}} N° 1},
  booktitle = {Apport Des {{SIG}} à La Recherche},
  publisher = {{Presses Universitaires d'Orléans}},
  date = {2005},
  pages = {237-254},
  author = {Banos, Arnaud},
  editor = {Fotsing, Jean-Marie},
  file = {/home/robin/Dropbox/Biblio/Banos/Banos_2005_La_voie_de_l’étonnement.pdf}
}

@thesis{rey-coyrehourcq_plateforme_2015,
  langid = {french},
  location = {{Paris}},
  title = {Une plateforme intégrée pour la construction et l’évaluation de modèles de simulation en géographie},
  institution = {{Université Paris I - Panthéon-Sorbonne}},
  type = {Thèse de doctorat en Géographie},
  date = {2015},
  author = {Rey-Coyrehourcq, Sébastien},
  file = {/home/robin/Dropbox/Biblio/Rey-Coyrehourcq_2015_Une_plateforme_intégrée_pour_la_construction_et_l’évaluation_de_modèles_de.pdf}
}

@article{premo_equifinality_2010,
  title = {Equifinality and Explanation: The Role of Agent-Based Modeling in Postpositivist Archaeology},
  journaltitle = {Simulating Change: Archaeology into the Twenty-First Century. University of Utah Press, Salt Lake City},
  date = {2010},
  pages = {28--37},
  keywords = {⛔ No DOI found},
  author = {Premo, LS}
}

@article{grimm_pattern-oriented_2005,
  title = {Pattern-Oriented Modeling of Agent-Based Complex Systems: Lessons from Ecology},
  volume = {310},
  doi = {10/fk5wc4},
  number = {5750},
  journaltitle = {science},
  date = {2005},
  pages = {987-991},
  author = {Grimm, Volker and Revilla, Eloy and Berger, Uta and Jeltsch, Florian and Mooij, Wolf M. and Railsback, Steven F. and Thulke, Hans-Hermann and Weiner, Jacob and Wiegand, Thorsten and DeAngelis, Donald L.},
  file = {/home/robin/Dropbox/Biblio/Grimm_Revillaet-al/Grimm_Revillaet-al_2005_Pattern-oriented_modeling_of_agent-based_complex.pdf}
}

@article{livet2014diversite,
  title = {Diversité et Complémentarité Des Modèles Multi-Agents En Sciences Sociales},
  volume = {55},
  doi = {10/gfw9pr},
  number = {4},
  journaltitle = {Revue française de sociologie},
  date = {2014},
  pages = {689-729},
  keywords = {schema,triangle},
  author = {Livet, Pierre and Phan, Denis and Sanders, Lena},
  file = {/home/robin/Dropbox/Biblio/Livet_Phanet-al/Livet_Phanet-al_2014_Diversité_et_complémentarité_des_modèles.pdf}
}

@article{minsky_matter_1965,
  title = {Matter, Mind and Models},
  volume = {1},
  url = {https://web.media.mit.edu/~minsky/papers/MatterMindModels.html},
  journaltitle = {Proc. International Federation of Information Processing Congress},
  date = {1965},
  pages = {45-49},
  keywords = {⛔ No DOI found},
  author = {Minsky, Marvin},
  file = {/home/robin/Dropbox/Biblio/Minsky/Minsky_1965_Matter,_mind_and_models.pdf}
}

@inproceedings{bach_review_2014,
  title = {A Review of Temporal Data Visualizations Based on Space-Time Cube Operations},
  booktitle = {Eurographics Conference on Visualization},
  date = {2014},
  keywords = {⛔ No DOI found},
  author = {Bach, Benjamin and Dragicevic, Pierre and Archambault, Daniel and Hurter, Christophe and Carpendale, Sheelagh},
  file = {/home/robin/Dropbox/Biblio/Bach_Dragicevicet-al/Bach_Dragicevicet-al_2014_A_review_of_temporal_data_visualizations_based_on.pdf}
}

@article{schmitt_modelographie_2013,
  langid = {french},
  title = {Modélographie multi-agents de la simulation des interactions sociétés-environnement et de l’émergence des villes},
  issn = {1278-3366},
  url = {http://journals.openedition.org/cybergeo/25900},
  doi = {10.4000/cybergeo.25900},
  abstract = {Le paradigme des systèmes complexes et les modèles multi-agents sont de plus en plus fréquemment utilisés en tant que nouvelles approches des sciences sociales. Ces méthodes permettent à la fois de donner un nouvel éclairage à des faits connus mais aussi de tester de nouvelles hypothèses sur les dynamiques sociétales. Leur utilisation est particulièrement intéressante pour les études des interactions entre les sociétés et leur environnement et notamment pour mieux comprendre la problématique qui nous anime ici : l’émergence de l’urbanisation. Six modèles qui s’y rattachent sont rassemblés pour former une « modélographie » : Sugarscape, de J.M. Epstein et R. Axtell ; Anasazi, du The Artificial Anasazi Project ; The Village Project, du Village Ecodynamics project ; ENKIMDU, du MASS project ; SimPop, de l’équipe P.A.R.I.S. de l’UMR Géographie-cités ; le modèle d’émergence de centres urbains, de A. Ourednik et P. Dessemontet. Une méthode pour décrire et comparer ces modèles est ici proposée. Elle permettra d’identifier les apports et les possibles améliorations des techniques de modélisation existantes pour étudier cette complexe problématique., The complex system paradigm and agent-based modeling are seeing increased use as new approaches in social sciences. These methods and tools bring new perspectives on known facts but also allow us to test new hypotheses on social dynamics. Their use is extremely interesting in the study of how environment and society interact, and especially in the study of the emergence of urbanization. Six models forming a ’modelography’ are considered in this paper: Sugarscape, by J.M. Epstein and R. Axtell; Anasazi, from The Artificial Anasazi Project; The Village Project, from the Village Ecodynamics project; ENKIMDU, from the MASS project; SimPop, from the Géographie-cités Laboratory; and a model of urban center emergence, by A. Ourednik and P. Dessemontet. A new method to describe and compare these models is used. It will help identify the contributions or the possible improvements of the existing modeling techniques developed to better understand this complex problem.},
  journaltitle = {Cybergeo : European Journal of Geography},
  date = {2013-04-16},
  author = {Schmitt, Clara and Pumain, Denise},
  file = {/home/robin/Dropbox/Biblio/Schmitt_Pumain/Schmitt_Pumain_2013_Modélographie_multi-agents_de_la_simulation_des.pdf},
  ids = {schmitt\_modelographie\_2013-1}
}

@article{andrienko2018viewing,
  langid = {english},
  title = {Viewing {{Visual Analytics}} as {{Model Building}}},
  issn = {01677055},
  url = {http://doi.wiley.com/10.1111/cgf.13324},
  doi = {10/gdv9s7},
  journaltitle = {Computer Graphics Forum},
  date = {2018-01-30},
  keywords = {Visual Analysis},
  author = {Andrienko, Natalia and Lammarsch, Tim and Andrienko, Gennady and Fuchs, Georg and Keim, Daniel and Miksch, Silvia and Rind, Andrea},
  file = {/home/robin/Dropbox/Biblio/Andrienko_Lammarschet-al/Andrienko_Lammarschet-al_2018_Viewing_Visual_Analytics_as_Model_Building.pdf},
  organization = {Wiley Online Library}
}

@incollection{keim_visual_2008,
  title = {Visual Analytics: {{Definition}}, Process, and Challenges},
  shorttitle = {Visual Analytics},
  booktitle = {Information Visualization},
  publisher = {{Springer}},
  date = {2008},
  pages = {154--175},
  author = {Keim, Daniel and Andrienko, Gennady and Fekete, Jean-Daniel and Görg, Carsten and Kohlhammer, Jörn and Melançon, Guy},
  file = {/home/robin/Dropbox/Biblio/Keim_Andrienkoet-al/Keim_Andrienkoet-al_2008_Visual_analytics.pdf}
}

@incollection{reycoyrehourcq:hal-01677950,
  title = {Vers Une Recherche Reproductible Dans Un Cadre Interdisciplinaire : Enjeux et Propositions Pour Le Transfert Du Cadre Conceptuel et La Réplication Des Modèles},
  isbn = {978-2-86906-494-2},
  url = {https://hal.archives-ouvertes.fr/hal-01677950},
  doi = {10.4000/books.pufr.10647},
  shorttitle = {Peupler La {{Terre}}},
  booktitle = {Peupler La Terre. {{De}} La Préhistoire à l'ère Des Métropoles},
  series = {Villes et {{Territoires}}},
  publisher = {{Presses universitaires François Rabelais}},
  date = {2017-09},
  pages = {409-434},
  keywords = {Antiquité,archeologie,COUV,géographie,histoire contemporaine,histoire de l’humanité,histoire moderne,Moyen Âge,PARIS team,peuplement,Préhistoire,ville},
  author = {Rey-Coyrehourcq, Sébastien and Cura, Robin and Nuninger, Laure and Gravier, Julie and Nahassia, Lucie and Hachi, Ryma},
  editor = {L., Sanders},
  file = {/home/robin/Dropbox/Biblio/Rey-Coyrehourcq_Curaet-al/Rey-Coyrehourcq_Curaet-al_2017_Vers_une_recherche_reproductible_dans_un_cadre.pdf},
  hal_id = {hal-01677950},
  hal_version = {v1}
}

@inbook{banos2013modeliser,
  title = {Modéliser et Simuler Les Systèmes Spatiaux En Géographie},
  volume = {2},
  isbn = {978-2-919694-38-9},
  booktitle = {Modéliser \& Simuler - {{Pratiques}} de La Modélisation et de La Simulation},
  series = {Sciences \& Philosophie},
  publisher = {{Éditions Matériologiques}},
  date = {2013},
  pages = {833-864},
  keywords = {⛔ No DOI found},
  author = {Banos, Arnaud and Sanders, Lena},
  bookauthor = {Varenne, Franck and Silberstein, Marc},
  file = {/home/robin/Dropbox/Biblio/Banos_Sanders/Banos_Sanders_2013_Modéliser_et_simuler_les_systèmes_spatiaux_en.pdf}
}

@article{cherel_beyond_2015,
  langid = {english},
  title = {Beyond {{Corroboration}}: {{Strengthening Model Validation}} by {{Looking}} for {{Unexpected Patterns}}},
  volume = {10},
  issn = {1932-6203},
  url = {https://journals.plos.org/plosone/article?id=10.1371/journal.pone.0138212},
  doi = {10/gddwr3},
  shorttitle = {Beyond {{Corroboration}}},
  abstract = {Models of emergent phenomena are designed to provide an explanation to global-scale phenomena from local-scale processes. Model validation is commonly done by verifying that the model is able to reproduce the patterns to be explained. We argue that robust validation must not only be based on corroboration, but also on attempting to falsify the model, i.e. making sure that the model behaves soundly for any reasonable input and parameter values. We propose an open-ended evolutionary method based on Novelty Search to look for the diverse patterns a model can produce. The Pattern Space Exploration method was tested on a model of collective motion and compared to three common a priori sampling experiment designs. The method successfully discovered all known qualitatively different kinds of collective motion, and performed much better than the a priori sampling methods. The method was then applied to a case study of city system dynamics to explore the model’s predicted values of city hierarchisation and population growth. This case study showed that the method can provide insights on potential predictive scenarios as well as falsifiers of the model when the simulated dynamics are highly unrealistic.},
  number = {9},
  journaltitle = {PLOS ONE},
  shortjournal = {PLOS ONE},
  date = {2015-09-14},
  pages = {e0138212},
  keywords = {Urban geography,Archives,Evolutionary algorithms,Islands,Liquids,Population growth,Simulation and modeling,Space exploration},
  author = {Chérel, Guillaume and Cottineau, Clémentine and Reuillon, Romain},
  file = {/home/robin/Dropbox/Biblio/Chérel_Cottineauet-al/Chérel_Cottineauet-al_2015_Beyond_Corroboration.pdf}
}

@article{pinchemel_geographie_1979,
  langid = {french},
  title = {Géographie et Cartographie, réflexions historiques et épistémologiques},
  volume = {56},
  url = {https://www.persee.fr/doc/bagf_0004-5322_1979_num_56_462_5108},
  doi = {10/gfw9n6},
  abstract = {Résumé. - L'histoire de la géographie et l'histoire de la cartographie semblent souvent diverger de manière regrettable. Le langage de la carte permet une représentation spécifique de la surface de la Terre : par la vision verticale (la carte supplée la vision aérienne), la représentation plane, l'échelle, la sélection des faits, les signes qui expriment ceux-ci. La géographie doit à la carte sa conceptualisation par la représentation de l'espace géographique, espace qui apparaît à travers trois processus : la toponymie, la mensuration humaine, l'humanisation. Le langage originel de la géographie est l'écriture des sociétés sur la surface terrestre, le langage cartographique est la transcription de cette écriture géographique.},
  number = {462},
  journaltitle = {Bulletin de l'Association de Géographes Français},
  date = {1979},
  pages = {239-247},
  author = {Pinchemel, Philippe}
}

@thesis{banos_pour_2013,
  langid = {french},
  location = {{Paris}},
  title = {Pour des pratiques de modélisation et de simulation libérées en Géographie et SHS},
  url = {https://halshs.archives-ouvertes.fr/tel-01112668/document},
  abstract = {Ce travail d’HDR retrace le parcours scientifique de l’auteur et repositionne dans le contexte de sa trajectoire professionnelle son investissement actuel dans l’interdisciplinarité et les sciences de la complexité. Géographe de formation, l’auteur s’est intéressé très tôt aux rapports structures/processus dans l’évolution des systèmes spatiaux et ses investigations l’ont amené à travailler sur les mobilités spatiales et certains de leurs risques ou externalités négatives associés (accidents, pollution, bruit, épidémies, congestion) dans une perspective associant étroitement la modélisation et la simulation, au service d’une démarche délibérément exploratoire. Ce positionnement a amené très tôt l’auteur à s’investir dans l’interdisciplinarité et dans la direction de collectifs interdisciplinaires, à l’image du GDR-E S4, de l’Institut des Systèmes Complexes de Paris-Ile de France ou de l’UMR Géographie-cités (CNRS-Paris1-Paris7).},
  pagetotal = {107},
  institution = {{Université Paris 1 - Panthéon-Sorbonne}},
  type = {Habilitation à Diriger des Recherches},
  date = {2013-12-02},
  keywords = {ABM},
  author = {Banos, Arnaud},
  file = {/home/robin/Dropbox/Biblio/Banos/Banos_2013_Pour_des_pratiques_de_modélisation_et_de.pdf}
}

@book{banos_modeliser_2016,
  langid = {french},
  location = {{Paris}},
  title = {Modéliser, c'est apprendre : Itinéraire d'un géographe},
  isbn = {978-2-37361-080-2},
  url = {https://www.decitre.fr/livres/modeliser-c-est-apprendre-9782373610802.html},
  shorttitle = {Modéliser, c'est apprendre},
  abstract = {Pourquoi avons-nous besoin de modéliser en sciences humaines et sociales ? Ce livre propose, dans un style volontairement très lisible et abordable par les non spécialistes, une mise en perspective originale de la nécessaire diffusion des méthodes de modélisation en sciences humaines et sociales...},
  pagetotal = {104},
  series = {Modélisations, simulations, systèmes complexes},
  publisher = {{Matériologiques}},
  date = {2016},
  author = {Banos, Arnaud},
  editora = {Bussi, Michel},
  editoratype = {collaborator}
}

@online{ribecca_chart_2018,
  langid = {british},
  title = {Chart {{Combinations}}: {{Tile Grid Maps}}},
  url = {http://datavizcatalogue.com/blog/chart-combinations-tile-grid-maps/},
  shorttitle = {Chart {{Combinations}}},
  abstract = {I wanted to document all variations of Tile Grid Maps that I've come across and also draw combinations that I think are possible.},
  journaltitle = {The Data Visualisation Catalogue Blog},
  date = {2018-06-27},
  author = {Ribecca, Severino}
}

@inbook{lenechet:hal-02025441,
  location = {{Tours}},
  title = {Transition 1~: Modéliser Les Migrations et La Colonisation de Nouveaux Territoires Par Les {{Homo}} Sapiens},
  isbn = {978-2-86906-677-9},
  url = {https://hal.archives-ouvertes.fr/hal-02025441},
  doi = {10.4000/books.pufr.10467},
  shorttitle = {Chapitre 4. {{Transition}} 1},
  booktitle = {Peupler La Terre : {{De}} La Préhistoire à l’ère Des Métropoles},
  series = {Perspectives {{Villes}} et {{Territoires}}},
  publisher = {{Presses universitaires François-Rabelais}},
  date = {2017},
  pages = {113-142},
  keywords = {Antiquité,archeologie,géographie,histoire contemporaine,histoire de l’humanité,histoire moderne,Moyen Âge,peuplement,Préhistoire,ville},
  author = {Coupé, Christophe and Hombert, Jean-Marie and Le Néchet, Florent and Mathian, Hélène and Sanders, Lena},
  bookauthor = {Sanders, Lena},
  ids = {coupe\_transition\_2017-1},
  hal_id = {[object Object]},
  hal_version = {[object Object]}
}

@online{victor_simulation_2009,
  title = {Simulation as a {{Practical Tool}}},
  url = {http://worrydream.com/#!/SimulationAsAPracticalTool},
  journaltitle = {Bret Victor, beast of burden},
  date = {2009-10-19},
  author = {Victor, Bret}
}

@unpublished{cura:halshs-02290556,
  venue = {{Mondorf-les-Bains, Luxembourg}},
  title = {Enriching {{Exploratory Spatial Data Analysis}} with Modern Computer Tools},
  url = {https://halshs.archives-ouvertes.fr/halshs-02290556},
  eventtitle = {{{ECTQG}} 2019},
  date = {2019-09},
  keywords = {Columnar DBMS,ESDA,Geographic Data Analysis,Geovisual Analytics,Large data},
  author = {Cura, Robin},
  hal_id = {halshs-02290556},
  hal_version = {v1}
}

@inbook{cura_visualisation_2020,
  langid = {french},
  location = {{Paris}},
  title = {Visualisation de modèle},
  isbn = {978-1-78405-672-8},
  booktitle = {La modélisation en géographie. Villes et territoires},
  series = {Méthodologies de modélisation en sciences sociales},
  publisher = {{ISTE}},
  year = {2020, à paraître},
  author = {Cura, Robin},
  bookauthor = {Pumain, Denise}
}

@inproceedings{tannier:halshs-01003259,
  location = {{Alba Iulia, Romania}},
  title = {Sharing and Disseminating Knowledge of Advanced Spatial Modeling. {{Presentation}} of an Action Carried out by the {{European}} Research Group S4 (Spatial Simulation for Social Sciences)},
  url = {https://halshs.archives-ouvertes.fr/halshs-01003259},
  booktitle = {International {{Conference}} of {{Territorial Intelligence}}},
  date = {2006-09},
  pages = {8},
  keywords = {géographie,Internet,geography,Intelligence Territorial,knowledge dissemination,simulation spatiale,spatial modelling,spatial simulation,Territorial Intelligence},
  author = {Tannier, Cécile},
  hal_id = {halshs-01003259},
  hal_version = {v1},
  pdf = {https://halshs.archives-ouvertes.fr/halshs-01003259/file/INTI-2006-Alba-Tannier.pdf}
}

@article{brunet1980composition,
  title = {La Composition Des Modèles Dans l'analyse Spatiale},
  doi = {10/gf9f5z},
  journaltitle = {L'Espace géographique},
  date = {1980},
  pages = {253-265},
  author = {Brunet, Roger},
  publisher = {{JSTOR}}
}

@article{josselin_presentation_2006,
  langid = {english},
  title = {Presentation : {{Spatial Analysis}} and {{GEOmatics}}. {{Conference SAGEO}}'2005, {{Avignon}}, {{France}}},
  issn = {1278-3366},
  url = {http://journals.openedition.org/cybergeo/2909},
  doi = {10/bwdsn9},
  shorttitle = {Presentation},
  abstract = {SAGEO is the annual International Conference on Spatial Analysis and GEOmatics. It aims to: present recent and high quality research in the field of Geomatics and Spatial Analysis, bring together researchers from various disciplines, provide an exchange platform on research and development in Geomatics, on a national and international level, for public or private bodies. SAGEO is a good opportunity for two complementary research networks to meet and to discuss their points of view on spatial...},
  journaltitle = {Cybergeo : European Journal of Geography},
  date = {2006-10-25},
  author = {Josselin, Didier and Libourel, Thérèse}
}

@article{reuillon_new_2015,
  title = {A {{New Method}} to {{Evaluate Simulation Models}}: {{The Calibration Profile}} ({{CP}}) {{Algorithm}}},
  volume = {18},
  issn = {1460-7425},
  url = {http://jasss.soc.surrey.ac.uk/18/1/12.html},
  doi = {10/gf9f5x},
  shorttitle = {A {{New Method}} to {{Evaluate Simulation Models}}},
  number = {1},
  journaltitle = {Journal of Artificial Societies and Social Simulation},
  shortjournal = {JASSS},
  date = {2015},
  pages = {12},
  author = {Reuillon, Romain and Schmitt, Clara and De Aldama, Ricardo and Mouret, Jean-Baptiste}
}

@thesis{nahassia_formes_2019,
  langid = {french},
  location = {{Paris}},
  title = {Formes spatiales et temporelles du changement urbain. Analyser la localisation des activités à Tours sur 2 000 ans.},
  abstract = {Cette thèse a pour objet les formes spatiales et temporelles du changement urbain dans la très longue durée, étudiées au travers des activités et de leurs localisations dans l’espace urbain. Pour cela, elle s’appuie sur le cas de Tours et sur des données archéologiques, les «~Objets Historiques~», observés depuis le 1er siècle av. J.-C. Les localisations des activités sont appréhendées dans une perspective spatio-temporelle. Un type d’activité est-il toujours situé au même endroit relativement au contexte urbain~? Peut-on identifier des effets de voisinage entre activités~? Les types de localisation changent-ils selon les époques, et selon quelles temporalités~?
Pour répondre à ces questions et aux enjeux spécifiques de la longue durée – incomplétude des connaissances, complexité de l’identification du changement à une résolution temporelle fine, hétérogénéité des données, etc. –, une démarche articulant la construction conceptuelle, l’analyse empirique et la modélisation du changement a été mise en place. Cette démarche est en outre structurée par une réflexion interdisciplinaire et reproductible. Des méthodes originales d’analyse, statistiques et spatiales, ont été construites et s’appuient sur la représentation, la modélisation graphique et la géovisualisation.~Une plateforme interactive a ainsi été développée pour explorer les résultats dans un dialogue entre le particulier et le général.
La combinaison de ces approches permet d’établir des profils de localisation des activités au cours du temps, d’identifier des motifs spatiaux et de quantifier des temporalités du changement, confirmant notamment le caractère progressif et multi-temporel des transformations de l’espace urbain.},
  pagetotal = {466},
  institution = {{Université Paris 1 Panthéon-Sorbonne}},
  type = {Thèse de Doctorat},
  date = {2019-09-27},
  author = {Nahassia, Lucie},
  file = {/home/robin/Dropbox/Biblio/Nahassia/Nahassia_2019_Formes_spatiales_et_temporelles_du_changement_ebook.pdf;/home/robin/Dropbox/Biblio/Nahassia/Nahassia_2019_Formes_spatiales_et_temporelles_du_changement.pdf}
}

@thesis{gravier_deux_2018,
  langid = {french},
  location = {{Paris}},
  title = {Deux mille ans d'une ville en système. Proposition d'une démarche appliquée au cas de Noyon},
  url = {http://www.theses.fr/s91330},
  abstract = {L’objet de cette thèse est de comprendre l’évolution d’une ville sur toute la durée de son existence. Elle se fonde sur le cas de Noyon, dont l’origine remonte au 1er s. apr. J.-C. La démarche est schématiquement décomposée en trois temps. Il s’agit tout d’abord d’étudier la structure intra-urbaine fonctionnelle et d’en identifier la trajectoire sur 2~000~ans. Puis nous appréhendons la position relative de la ville – saisie d’un point de vue politico-administratif, économique et spatial – par rapport aux autres villes avec lesquelles elle est en interaction. La confrontation de la trajectoire intra-urbaine et de la position relative de la ville permet enfin d’examiner ce qui unit l’histoire d’une ville avec l’histoire des villes avec lesquelles elle fait système.
La très longue durée considérée fait émerger deux enjeux majeurs. D’une part, les sociétés étudiées sur 2~000~ans sont très différentes. L’enjeu est donc de les comparer, ce qui implique de questionner la pérennité de la signification des objets spatio-temporels étudiés pour reconstituer leurs trajectoires. D’autre part, cette approche requiert l’étude de données archéologiques, textuelles et iconographiques, qui sont lacunaires et imprécises, en particulier pour l’étude de phénomènes à petite échelle. Un des défis du travail consiste donc à mener une véritable enquête à partir de laquelle on doit cumuler les indices pour tenter de reconstituer d’anciennes réalités spatiales. Tout cela demande finalement d’élaborer de nouvelles approches méthodologiques et d’expliciter les chemins relatifs à la construction des connaissances afin de proposer une étude des villes en système sur le temps long qui soit reproductible.},
  pagetotal = {404},
  institution = {{Université Paris 1 Panthéon-Sorbonne}},
  type = {Thèse de Doctorat},
  date = {2018-12-05},
  keywords = {Geographie},
  author = {Gravier, Julie},
  file = {/home/robin/Dropbox/Biblio/Gravier/Gravier_2018_Deux_mille_ans_d'une_ville_en_système.pdf}
}

@inproceedings{cura:halshs-02296147,
  langid = {french},
  location = {{Paris, France}},
  title = {Comprendre les dynamiques d'un territoire qui n'existe plus : quelles alternatives au terrain pour l'étude d'un espace sur le temps long ?},
  url = {https://halshs.archives-ouvertes.fr/halshs-02296147},
  shorttitle = {Comprendre les dynamiques d'un territoire qui n'existe plus},
  abstract = {La discussion que nous proposons découle d’une caractéristique commune rencontrée dans le cadre de nos thèses : travaillant tous trois sur l’analyse de transformations socio-spatiales de systèmes de peuplement survenues sur le temps très long (plusieurs siècles à plusieurs millénaires), nos terrains d’étude recouvrent des espaces du passé. Seulement quelques traces observables en subsistent, telles que des orientations et des formes viaires inaltérées, des monuments historiques ou encore des vestiges archéologiques. Somme toute, des données bien insuffisantes pour facilement appréhender l’espace étudié tant globalement que dans ses spécificités. Cette carence dans l’appréhension directe de nos espaces d’étude ne peut pas, en outre, être compensée par un recours à d’éventuels acteurs puisque leur durée de vie est de fait largement inférieure au temps long de nos objets d’étude. Les possibilités d’enquêtes de terrain nous étant limitées, nous ne pouvons dès lors aborder nos espaces qu’à partir de sources indirectes, ancrant notre démarche dans « une [recherche] de seconde main » (Claval, 2013). Face à ce constat, peu fréquent en géographie, nous proposons une réflexion croisée sur nos rapports à des terrains « infréquentables » physiquement, et donc a priori alternatifs vis-à-vis de la « géographie de terrain » qui prédomine aujourd’hui. Nos expériences de recherche s’attachent à des espaces et des échelles divers. Lucie Nahassia travaille sur la dynamique intra-urbaine à partir des localisations des activités en ville à travers le cas de Tours du 1er au 21e siècle. Elle s’appuie pour cela sur des sources collectées par des archéologues de l’urbain, provenant en particulier d’éléments matériels issus de fouilles archéologiques, compilées sous forme de bases de données. Ces sources sont ensuite complétées par des discours d’experts : entretiens avec des spécialistes de l’histoire de Tours et bibliographie historique, archéologique et géographique sur la ville. Julie Gravier cherche à comprendre la trajectoire de la ville de Noyon au sein du système urbain du nord de la France dans lequel la ville s’inscrit (également du 1er au 21e siècle). Ses données sont issues de ses propres fouilles archéologiques, de documents iconographiques et textuels d’archives, et de la documentation de synthèse historique relative aux villes étudiées - écrite majoritairement par des archéologues et des historiens. L’aire d’étude de Robin Cura est plus large et imprécise : il cherche à modéliser les transformations spatiales génériques s’étant produites en Europe du Nord-Ouest, entre le 9e et le 12e siècle, à partir d’un exemple illustré par la région de Tours. Cette modélisation se fonde entièrement sur des entretiens réalisés dans le cadre d’une collaboration avec des experts historiens et archéologues, eux-mêmes appuyant leurs discours sur des données issues de fouilles et de sources textuelles. Tant dans les régions que dans les échelles, les sources de données et les modes de collecte de l’information, nos trois objets de recherche sont distincts. De même, nos approches pour les traiter sont multiples. Depuis l’observation et l’exploration des données jusqu’à la simulation informatique, en passant par les méthodes de (géo-)statistiques descriptives et d’analyses factorielles, nos outils méthodologiques et nos manières de synthétiser nos terrains diffèrent grandement. Toutefois, dans cette diversité, nous sommes confrontés à des questionnements semblables face au terrain. Tout d’abord, contrairement à un espace d’étude contemporain, les territoires que nous étudions n’existent plus et nous sommes dans l’obligation de reconstruire ce qui a existé à un moment donné dans le temps. Nos terrains ne sont pas des observables mais des construits. De ce fait, nous n’entretenons un rapport ni perceptif, ni sensible au terrain : ne pouvant pas nous y rendre physiquement, nous recréons nos terrains, qui sont donc mentaux, voire virtuels dans le cas de l’utilisation de la simulation multi-agents par L. Nahassia et R. Cura. Ensuite, contrairement à de nombreuses études sur les systèmes de peuplement actuels, la définition de notre terrain ne peut pas être établie a priori sur la base de maillages territoriaux identifiés à un moment donné tant ces derniers ont pu évoluer au cours des périodes étudiées : la « commune de Noyon » n’a pas de sens sur 2000 ans. Pour que le terrain que nous choisissons ait un sens par rapport à nos objets de recherche, nous sommes dans l’obligation de questionner et d’étudier nos aires d’étude avant de définir spatialement un espace de référence. De ce fait, bien que nos objets de recherche et nos approches méthodologiques nous ancrent dans le champ de la géographie théorique et quantitative, il nous semble que notre rapport au terrain s’en démarque en proposant une vision alternative des manières de le définir, finalement proche d’une géographie plus qualitative. Enfin, nos sources sont principalement secondaires ou tertiaires (par entretien avec des experts). En ce sens, « ce qui fait notre terrain » peut se rapporter à une posture d’ethnographe - comme celle exprimée par Yann Calbérac (2011) dans son travail épistémologique, qui définit son terrain à travers « les géographes [qu’il] interroge [et qui] produisent des espaces lorsqu’ils font du terrain ». Comme lui, nous estimons avoir « bel et bien un terrain même si [nous] ne [pouvons] le fréquenter » (ibid.). Nos terrains, si particuliers car ancrés dans le passé, sont donc alternatifs vis-à-vis de notre cadre théorique de référence. Pour autant, l’outillage que nous déployons pour les construire ne s’inscrit-il pas finalement dans une tradition classique, antérieure à la géographie de terrain, de « géographie de cabinet » telle que définie (ibid.) par Paul Claval ? Références Calberac, Yann, « Le terrain des géographes est-il un terrain géographique ? Le terrain d’un épistémologue », Carnets de géographes, 2 (2011). Claval, Paul, « Le rôle du terrain en géographie. Des épistémologies de la curiosité à celles du désir », Confins (2013).},
  booktitle = {Journée des jeunes chercheurs de l'Institut de Géographie de Paris (JIG 2017)},
  date = {2017-04-06},
  keywords = {⛔ No DOI found,Dynamiques spatiales,Temps-long,Terrain alternatif,Terrains du passé},
  author = {Cura, Robin and Gravier, Julie and Nahassia, Lucie},
  file = {/home/robin/Dropbox/Biblio/Cura_Gravieret-al/Cura_Gravieret-al_2017_Comprendre_les_dynamiques_d'un_territoire_qui.pdf},
  ids = {cura:halshs-02296147},
  hal_id = {halshs-02296147},
  hal_version = {v1},
  organization = {{{{Ecole Doctorale de Géographie de Paris}}}}
}

@incollection{ouriachi_lelaboration_2017,
  location = {{Tours}},
  title = {De l’élaboration de La Transition à Sa Modélisation : {{Retours}} Interdisciplinaires Sur l’expérience {{TransMonDyn}}},
  isbn = {978-2-86906-677-9},
  url = {http://books.openedition.org/pufr/10671},
  shorttitle = {Chapitre 17. {{De}} l’élaboration de La Transition à Sa Modélisation},
  booktitle = {Peupler La Terre : {{De}} La Préhistoire à l’ère Des Métropoles},
  series = {Perspectives {{Villes}} et {{Territoires}}},
  publisher = {{Presses universitaires François-Rabelais}},
  date = {2017},
  pages = {461-485},
  keywords = {Antiquité,archeologie,géographie,histoire contemporaine,histoire de l’humanité,histoire moderne,Moyen Âge,peuplement,Préhistoire,ville},
  author = {Ouriachi, Marie-Jeanne and Mathian, Hélène and Zadora-Rio, Elisabeth and Bertoncello, Frédérique and Favory, François and Rodier, Xavier and Garmy, Pierre and Franc, Alain and Banos, Arnaud},
  editor = {Sanders, Lena},
  file = {/home/robin/Dropbox/Biblio/Ouriachi_Mathianet-al/Ouriachi_Mathianet-al_2017_De_l’élaboration_de_la_transition_à_sa.pdf}
}

@inbook{bretagnolle_transition_2017,
  location = {{Tours}},
  title = {Transition 9~: {{Vers}} Des Systèmes de Villes Intégrés ({{France}}, {{XVIIIe}}-{{XIXe}}~Siècles)},
  isbn = {978-2-86906-677-9},
  url = {http://books.openedition.org/pufr/10632},
  shorttitle = {Chapitre 12. {{Transition}} 9},
  booktitle = {Peupler La Terre : {{De}} La Préhistoire à l’ère Des Métropoles},
  series = {Perspectives {{Villes}} et {{Territoires}}},
  publisher = {{Presses universitaires François-Rabelais}},
  date = {2017},
  pages = {333-359},
  keywords = {Antiquité,archeologie,géographie,histoire contemporaine,histoire de l’humanité,histoire moderne,Moyen Âge,peuplement,Préhistoire,ville},
  author = {Bretagnolle, Anne and Franc, Alain},
  bookauthor = {Sanders, Lena},
  ids = {bretagnolle\_transition\_2017-1}
}

@article{grimm_pattern-oriented_2012,
  title = {Pattern-Oriented Modelling: A ‘Multi-Scope’ for Predictive Systems Ecology},
  volume = {367},
  url = {https://royalsocietypublishing.org/doi/10.1098/rstb.2011.0180},
  doi = {10/cmfzpn},
  shorttitle = {Pattern-Oriented Modelling},
  abstract = {Modern ecology recognizes that modelling systems across scales and at multiple levels—especially to link population and ecosystem dynamics to individual adaptive behaviour—is essential for making the science predictive. ‘Pattern-oriented modelling’ (POM) is a strategy for doing just this. POM is the multi-criteria design, selection and calibration of models of complex systems. POM starts with identifying a set of patterns observed at multiple scales and levels that characterize a system with respect to the particular problem being modelled; a model from which the patterns emerge should contain the right mechanisms to address the problem. These patterns are then used to (i) determine what scales, entities, variables and processes the model needs, (ii) test and select submodels to represent key low-level processes such as adaptive behaviour, and (iii) find useful parameter values during calibration. Patterns are already often used in these ways, but a mini-review of applications of POM confirms that making the selection and use of patterns more explicit and rigorous can facilitate the development of models with the right level of complexity to understand ecological systems and predict their response to novel conditions.},
  number = {1586},
  journaltitle = {Philosophical Transactions of the Royal Society B: Biological Sciences},
  shortjournal = {Philosophical Transactions of the Royal Society B: Biological Sciences},
  date = {2012-01-19},
  pages = {298-310},
  author = {Grimm, Volker and Railsback, Steven F.},
  file = {/home/robin/Dropbox/Biblio/Grimm_Railsback/Grimm_Railsback_2012_Pattern-oriented_modelling.pdf}
}

@collection{sanders2018peupler,
  langid = {french},
  location = {{Tours}},
  title = {Peupler la terre: De la préhistoire à l’ère des métropoles},
  isbn = {978-2-86906-494-2},
  pagetotal = {528},
  series = {Perspectives Villes et Territoires},
  publisher = {{Presses universitaires François-Rabelais}},
  date = {2017-09-27},
  editor = {Sanders, Lena},
  editora = {Van Der Leeuw, Sander},
  editoratype = {collaborator}
}

@article{kravari_survey_2015,
  title = {A {{Survey}} of {{Agent Platforms}}},
  volume = {18},
  issn = {1460-7425},
  doi = {10/gfkmk7},
  number = {1},
  journaltitle = {Journal of Artificial Societies and Social Simulation},
  shortjournal = {JASSS},
  date = {2015},
  pages = {11},
  author = {Kravari, Kalliopi and Bassiliades, Nick}
}

@inreference{noauthor_methode_2019,
  langid = {french},
  title = {Méthode du canard en plastique},
  url = {https://fr.wikipedia.org/w/index.php?title=M%C3%A9thode_du_canard_en_plastique&oldid=156992828},
  abstract = {La méthode du canard en plastique, appelée également méthode du canard en caoutchouc, est une pratique de revue du code source utilisée en génie logiciel dans les phases de débogage.},
  booktitle = {Wikipédia},
  date = {2019-02-23},
  note = {Page Version ID: 156992828}
}

@inbook{banos2012vers,
  location = {{Paris}},
  title = {Vers Une Cartographie Sémantique Des Modèles Urbains: Des Individus Aux Systèmes de Villes},
  isbn = {2102-474X},
  booktitle = {Modélisation Urbaine : De La Représentation Au Projet.},
  publisher = {{Commissariat Général au Développement Durable}},
  date = {2012},
  pages = {52-64},
  author = {Banos, Arnaud and Sanders, Lena},
  bookauthor = {Hégron, Gérard},
  file = {/home/robin/Dropbox/Biblio/Banos_Sanders/Banos_Sanders_2012_Vers_une_cartographie_sémantique_des_modèles.pdf}
}

@article{rodier2000systeme,
  title = {Le Système d'information Géographique {{TOTOPI}}: {{TOpographie}} de {{TOurs Pré}}-{{Industriel}}},
  number = {4},
  journaltitle = {Les petits cahiers d'Anatole},
  date = {2000},
  pages = {28600-signes},
  keywords = {⛔ No DOI found},
  author = {Rodier, Xavier}
}

@inbook{coupe_transition_2017,
  location = {{Tours}},
  title = {Transition 2~: {{Modélisation}} de l’expansion Des Populations {{Bantu}} Dans Un Espace Déjà Habité Par Des Populations de Chasseurs-Collecteurs},
  isbn = {978-2-86906-677-9},
  url = {http://books.openedition.org/pufr/10566},
  shorttitle = {Chapitre 5. {{Transition}} 2},
  booktitle = {Peupler La Terre : {{De}} La Préhistoire à l’ère Des Métropoles},
  series = {Perspectives {{Villes}} et {{Territoires}}},
  publisher = {{Presses universitaires François-Rabelais}},
  date = {2017},
  pages = {143-172},
  keywords = {Antiquité,archeologie,géographie,histoire contemporaine,histoire de l’humanité,histoire moderne,Moyen Âge,peuplement,Préhistoire,ville},
  author = {Coupé, Christophe and Hombert, Jean-Marie and Le Néchet, Florent and Mathian, Hélène and Sanders, Lena},
  bookauthor = {Sanders, Lena}
}

@inbook{kohler_transition_2017,
  location = {{Tours}},
  title = {Transition 3 : {{Village}} and {{Polity Formation}} in {{Pueblo Societies}} : {{How Population Growth Channels Social Processes}} in {{Neolithic Societies}}. {{The}} “{{Village}}” Model},
  isbn = {978-2-86906-677-9},
  url = {http://books.openedition.org/pufr/10569},
  shorttitle = {Chapitre 6. {{Transition}} 3},
  booktitle = {Peupler La Terre : {{De}} La Préhistoire à l’ère Des Métropoles},
  series = {Perspectives {{Villes}} et {{Territoires}}},
  publisher = {{Presses universitaires François-Rabelais}},
  date = {2017},
  pages = {173-192},
  keywords = {Antiquité,archeologie,géographie,histoire contemporaine,histoire de l’humanité,histoire moderne,Moyen Âge,peuplement,Préhistoire,ville},
  author = {Kohler, Timothy A. and Crabtree, Stefani A.},
  bookauthor = {Sanders, Lena}
}

@inbook{pumain_transition_2017,
  location = {{Tours}},
  title = {Transition 4~: {{Modéliser}} l’émergence Des Villes},
  isbn = {978-2-86906-677-9},
  url = {http://books.openedition.org/pufr/10578},
  shorttitle = {Chapitre 7. {{Transition}} 4},
  booktitle = {Peupler La Terre : {{De}} La Préhistoire à l’ère Des Métropoles},
  series = {Perspectives {{Villes}} et {{Territoires}}},
  publisher = {{Presses universitaires François-Rabelais}},
  date = {2017},
  pages = {193-211},
  keywords = {Antiquité,archeologie,géographie,histoire contemporaine,histoire de l’humanité,histoire moderne,Moyen Âge,peuplement,Préhistoire,ville},
  author = {Pumain, Denise and Schmitt, Clara and Rey-Coyrehourcq, Sébastien},
  bookauthor = {Sanders, Lena}
}

@inbook{nuninger_transition_2017,
  location = {{Tours}},
  title = {Transition 5~: {{Modéliser}} Les Mutations Territoriales de l’âge Du {{Fer}} Dans Le Midi de La {{Gaule}} ({{VIe}}-{{Ve}}~Siècles Av. {{J}}.-{{C}}.)},
  isbn = {978-2-86906-677-9},
  url = {http://books.openedition.org/pufr/10587},
  shorttitle = {Chapitre 8. {{Transition}} 5},
  booktitle = {Peupler La Terre : {{De}} La Préhistoire à l’ère Des Métropoles},
  series = {Perspectives {{Villes}} et {{Territoires}}},
  publisher = {{Presses universitaires François-Rabelais}},
  date = {2017},
  pages = {213-242},
  keywords = {Antiquité,archeologie,géographie,histoire contemporaine,histoire de l’humanité,histoire moderne,Moyen Âge,peuplement,Préhistoire,ville},
  author = {Nuninger, Laure and Garmy, Pierre and Libourel, Thérèse and Fiches, Jean-Luc and Kaddouri, Lahouari and Crabtree, Stefani and Ferber, Jacques and Nigon, Julien and Maillé, Gauthier},
  bookauthor = {Sanders, Lena}
}

@inbook{ouriachi_transition_2017,
  location = {{Tours}},
  title = {Transition 6 Dite «~Romanisation~» ({{IIe}}~Siècle Av. {{J}}.-{{C}}. - {{Ier}}~Siècle Apr. {{J}}.-{{C}})},
  isbn = {978-2-86906-677-9},
  url = {http://books.openedition.org/pufr/10605},
  booktitle = {Peupler La Terre : {{De}} La Préhistoire à l’ère Des Métropoles},
  series = {Perspectives {{Villes}} et {{Territoires}}},
  publisher = {{Presses universitaires François-Rabelais}},
  date = {2017},
  pages = {243-271},
  keywords = {Antiquité,archeologie,géographie,histoire contemporaine,histoire de l’humanité,histoire moderne,Moyen Âge,peuplement,Préhistoire,ville},
  author = {Ouriachi, Marie-Jeanne and Bertoncello, Frédérique and Franc, Alain},
  bookauthor = {Sanders, Lena}
}

@inbook{banos_simuler_2017,
  location = {{Tours}},
  title = {Simuler Des Transitions : {{Une}} Introduction Aux Modèles Spatio-Temporels},
  isbn = {978-2-86906-677-9},
  url = {http://books.openedition.org/pufr/10536},
  shorttitle = {Chapitre 3. {{Simuler}} Des Transitions},
  booktitle = {Peupler La Terre : {{De}} La Préhistoire à l’ère Des Métropoles},
  series = {Perspectives {{Villes}} et {{Territoires}}},
  publisher = {{Presses universitaires François-Rabelais}},
  date = {2017},
  pages = {89-110},
  keywords = {Antiquité,archeologie,géographie,histoire contemporaine,histoire de l’humanité,histoire moderne,Moyen Âge,peuplement,Préhistoire,ville},
  author = {Banos, Arnaud and Le Néchet, Florent and Ouriachi, Marie-Jeanne and Franc, Alain},
  bookauthor = {Sanders, Lena}
}


