
@collection{zadora-rio_paroisses_2008,
  langid = {french},
  location = {{Tours}},
  title = {Des paroisses de Touraine aux communes d’Indre-et-Loire : la formation des territoires},
  volume = {34e Supplément},
  isbn = {978-2-913272-19-4},
  url = {https://halshs.archives-ouvertes.fr/halshs-00378136},
  shorttitle = {Des paroisses de Touraine aux communes d'Indre-et-Loire},
  pagetotal = {302},
  series = {Revue archéologique du Centre de la France},
  publisher = {{Ferac Editions}},
  date = {2008},
  keywords = {Archéologie,communes,Indre-et-Loire,paroisses,territoires,Touraine},
  editor = {Zadora-Rio, Elisabeth},
  file = {/home/robin/Zotero/storage/657NSSQ4/halshs-00378136.html},
  note = {34e Supplément à la Revue Archéologique du Centre de la France, Tours}
}

@thesis{schmitt_modelisation_2014,
  langid = {french},
  location = {{paris}},
  title = {Modélisation de la dynamique des systèmes de peuplement : de SimpopLocal à SimpopNet.},
  url = {https://tel.archives-ouvertes.fr/tel-01077891/document},
  shorttitle = {Modélisation de la dynamique des systèmes de peuplement},
  abstract = {L'évolution des villes est-elle le résultat de leurs multiples interactions ? C'est sur ce postulat que s'appuie la théorie évolutive urbaine (Pumain, 2000) pour analyser les processus de croissance des villes. Cette thèse, réalisée dans un contexte inter-disciplinaire, vise à évaluer la validité d'une telle hypothèse par la simulation informatique. Pour mener à bien ce projet, les savoirs accumulés sur la dynamique des systèmes de villes sont d'abord rassemblés afin d'en extraire les grandes caractéristiques, synthétisées sous la forme de dix fait stylisés majeurs. Deux modèles de simulation, SimpopLocal et SimpopNet, sont ensuite construits, documentés de manière standardisée, et explorés de manière systématique. Ces modèles interrogent chacun un aspect précis de la théorie évolutive urbaine: la nature des interactions interurbaines pour le premier et leur support pour le second. Les besoins associés à leur nécessaire évaluation ont guidé la conception et la mise en œuvre de deux protocoles d'explorations systématiques inédits: une méthode de calibrage automatisée, et un protocole d'analyse de sensibilité qui évalue individuellement la contribution de chaque mécanisme aux comportements simulés. Ces deux formes d'exploration confrontent de façon systématique les résultats de simulation avec les connaissances actuelles. Elles montrent que ces modèles sont capables de rendre compte de processus clés de la dynamique des systèmes des villes et prouvent pour la première fois la nécessité de mécanismes d'interactions interurbaines pour simuler des croissances proches des évolutions de systèmes réels.},
  institution = {{Université Paris I - Panthéon-Sorbonne}},
  type = {Thèse de Doctorat},
  date = {2014},
  author = {Schmitt, Clara},
  file = {/home/robin/Dropbox/Biblio/Schmitt_2014_Modélisation_de_la_dynamique_des_systèmes_de_peuplement.pdf;/home/robin/Zotero/storage/6QJQPIX9/tel-01077891.html}
}

@collection{heppenstall_agent-based_2012,
  langid = {english},
  location = {{Dordrecht}},
  title = {Agent-{{Based Models}} of {{Geographical Systems}}},
  isbn = {978-90-481-8926-7 978-90-481-8927-4},
  url = {http://link.springer.com/10.1007/978-90-481-8927-4},
  publisher = {{Springer Netherlands}},
  urldate = {2018-02-20},
  date = {2012},
  keywords = {Tresors_Arnaud},
  editor = {Heppenstall, Alison J. and Crooks, Andrew T. and See, Linda M. and Batty, Michael},
  file = {/home/robin/Dropbox/Biblio/Heppenstall_Crookset-al/Heppenstall_Crookset-al_2012_Agent-Based_Models_of_Geographical_Systems.pdf},
  doi = {10.1007/978-90-481-8927-4}
}

@book{osullivan_spatial_2013,
  location = {{Chichester, West Sussex, UK}},
  title = {Spatial Simulation: Exploring Pattern and Process},
  isbn = {978-1-119-97080-4 978-1-119-97079-8},
  shorttitle = {Spatial Simulation},
  pagetotal = {305},
  publisher = {{John Wiley \& Sons Inc}},
  date = {2013},
  keywords = {Mathematical models,Spatial analysis (Statistics),Spatial data infrastructures,Tresors_Arnaud},
  author = {O'Sullivan, David and Perry, George L. W.},
  file = {/home/robin/Dropbox/Biblio/O'Sullivan_Perry_2013_Spatial_simulation.pdf}
}

@thesis{hirtzel2015exploration,
  title = {Exploration Prospective Des Mobilités Résidentielles Dans Une Agglomération Urbaine Au Moyen d'un Modèle de Simulation Multi-Agents ({{MOBISIM}})},
  institution = {{Université de Franche-Comté}},
  date = {2015},
  author = {Hirtzel, Joanne},
  file = {/home/robin/Dropbox/Biblio/Hirtzel/Hirtzel_2015_Exploration_prospective_des_mobilités.pdf}
}

@article{sedlmair_visual_2014,
  title = {Visual {{Parameter Space Analysis}}: {{A Conceptual Framework}}},
  volume = {20},
  issn = {1077-2626},
  doi = {10.1109/TVCG.2014.2346321},
  shorttitle = {Visual {{Parameter Space Analysis}}},
  abstract = {Various case studies in different application domains have shown the great potential of visual parameter space analysis to support validating and using simulation models. In order to guide and systematize research endeavors in this area, we provide a conceptual framework for visual parameter space analysis problems. The framework is based on our own experience and a structured analysis of the visualization literature. It contains three major components: (1) a data flow model that helps to abstractly describe visual parameter space analysis problems independent of their application domain; (2) a set of four navigation strategies of how parameter space analysis can be supported by visualization tools; and (3) a characterization of six analysis tasks. Based on our framework, we analyze and classify the current body of literature, and identify three open research gaps in visual parameter space analysis. The framework and its discussion are meant to support visualization designers and researchers in characterizing parameter space analysis problems and to guide their design and evaluation processes.},
  number = {12},
  journaltitle = {IEEE Transactions on Visualization and Computer Graphics},
  date = {2014-12},
  pages = {2161-2170},
  keywords = {Visualization Tools,data visualisation,data analysis,Visual Analysis,Simulation,Image segmentation,Analytical models,application domains,Biological system modeling,Computational modeling,conceptual framework,data flow model,Data models,input-output model,literature analysis,navigation strategy,Parameter space analysis,Predictive models,task characterization,visual parameter space analysis,parameter space},
  author = {Sedlmair, M. and Heinzl, C. and Bruckner, S. and Piringer, H. and Möller, T.},
  file = {/home/robin/Dropbox/Biblio/Sedlmair_Heinzlet-al_2014_Visual_Parameter_Space_Analysis.pdf}
}

@thesis{martin_quantitative_1999,
  langid = {english},
  title = {Quantitative Data Validation (Automated Visual Evaluations).},
  pagetotal = {196},
  institution = {{De Montfort University}},
  type = {Thèse de Doctorat},
  date = {1999},
  author = {Martin, Anthony John Michael},
  file = {/home/robin/Dropbox/Biblio/Martin/Martin_1999_Quantitative_data_validation_(automated_visual.pdf}
}

@book{crooks_agent-based_2019,
  langid = {english},
  location = {{Thousand Oaks, CA}},
  title = {Agent-{{Based Modelling}} and {{Geographical Information Systems}}: {{A Practical Primer}}},
  edition = {1 edition},
  isbn = {978-1-4739-5864-7},
  url = {https://uk.sagepub.com/en-gb/eur/agent-based-modelling-and-geographical-information-systems/book250134},
  shorttitle = {Agent-{{Based Modelling}} and {{Geographical Information Systems}}},
  abstract = {This is the era of Big Data and computational social science. It is an era that requires tools which can do more than visualise data but also model the complex relation between data~and~human action, and interaction. Agent-Based Models (ABM) -~computational~models~which simulate human action and interaction – do just that. ~ This textbook explains how to design and build ABM and how to link the models to Geographical Information Systems. It guides you from the basics through to constructing more complex models which work with data and human behaviour in a spatial context. All of the fundamental concepts are explained and related to practical examples to facilitate learning (with models developed in NetLogo with all code examples available on the accompanying website). ~You will be able to use these models to develop your own applications and link, where appropriate, to Geographical Information Systems. ~ All of the key ideas and methods are explained in detail:  geographical modelling;  an introduction to ABM;  the fundamentals of Geographical Information Science;  why ABM and GIS;  using QGIS;  designing and building an ABM;  calibration and validation;  modelling human behavior.  An applied primer, that provides fundamental knowledge and practical skills, it will provide you with the skills to build and run your own models, and to begin your own research projects.},
  pagetotal = {408},
  publisher = {{SAGE Publications Ltd}},
  date = {2019-01-22},
  author = {Crooks, Andrew and Malleson, Nick and Manley, Ed and Heppenstall, Alison}
}

@article{hamby_review_1994,
  langid = {english},
  title = {A Review of Techniques for Parameter Sensitivity Analysis of Environmental Models},
  volume = {32},
  issn = {1573-2959},
  url = {https://doi.org/10.1007/BF00547132},
  doi = {10.1007/BF00547132},
  abstract = {Mathematical models are utilized to approximate various highly complex engineering, physical, environmental, social, and economic phenomena. Model parameters exerting the most influence on model results are identified through a ‘sensitivity analysis’. A comprehensive review is presented of more than a dozen sensitivity analysis methods. This review is intended for those not intimately familiar with statistics or the techniques utilized for sensitivity analysis of computer models. The most fundamental of sensitivity techniques utilizes partial differentiation whereas the simplest approach requires varying parameter values one-at-a-time. Correlation analysis is used to determine relationships between independent and dependent variables. Regression analysis provides the most comprehensive sensitivity measure and is commonly utilized to build response surfaces that approximate complex models.},
  number = {2},
  journaltitle = {Environmental Monitoring and Assessment},
  shortjournal = {Environ Monit Assess},
  urldate = {2019-08-01},
  date = {1994-09-01},
  pages = {135-154},
  keywords = {Correlation Analysis,Environmental Management,Mathematical Model,Regression Analysis,Sensitivity Analysis},
  author = {Hamby, D. M.}
}

@incollection{chareille_dynamiques_2008,
  title = {Dynamiques Morphologiques et Échelles d'analyse Des Territoires},
  url = {https://halshs.archives-ouvertes.fr/halshs-00956186},
  booktitle = {Des Paroisses de {{Touraine}} Aux Communes d'{{Indre}}-et-{{Loire}}. {{La}} Formation Des Territoires},
  publisher = {{FERACF}},
  urldate = {2019-08-05},
  date = {2008},
  pages = {260-263},
  keywords = {analyse spatiale,dynamique spatiale,morphologie,paroisses,territoire},
  author = {Chareille, Pascal and Rodier, Xavier and Zadora-Rio, Elisabeth},
  editor = {Zadora-Rio, Elisabeth}
}

@inbook{ginot2005explorer,
  title = {Explorer Les Modeles Par Simulation: Application Aux Analyses de Sensibilité},
  volume = {3},
  booktitle = {Modélisation et Simulation Multi-Agents: Applications Pour Les {{Sciences}} de l’{{Homme}} et de La {{Société}}., Chapitre},
  date = {2005},
  pages = {75-101},
  author = {Ginot, Vincent and Monod, Hervé},
  bookauthor = {Amblard, F and Phan, Denis}
}


