
@book{banos_modeliser_2016,
  title = {Modéliser, c'est apprendre : Itinéraire d'un géographe},
  shorttitle = {Modéliser, c'est apprendre},
  author = {Banos, Arnaud},
  date = {2016},
  publisher = {{Matériologiques}},
  location = {{Paris}},
  url = {https://www.decitre.fr/livres/modeliser-c-est-apprendre-9782373610802.html},
  abstract = {Pourquoi avons-nous besoin de modéliser en sciences humaines et sociales ? Ce livre propose, dans un style volontairement très lisible et abordable par les non spécialistes, une mise en perspective originale de la nécessaire diffusion des méthodes de modélisation en sciences humaines et sociales...},
  editora = {Bussi, Michel},
  editoratype = {collaborator},
  isbn = {978-2-37361-080-2},
  langid = {french},
  pagetotal = {104},
  series = {Modélisations, simulations, systèmes complexes}
}

@thesis{banos_pour_2013,
  title = {Pour des pratiques de modélisation et de simulation libérées en Géographie et SHS},
  author = {Banos, Arnaud},
  date = {2013-12-02},
  institution = {{Université Paris 1 - Panthéon-Sorbonne}},
  location = {{Paris}},
  url = {https://halshs.archives-ouvertes.fr/tel-01112668/document},
  abstract = {Ce travail d’HDR retrace le parcours scientifique de l’auteur et repositionne dans le contexte de sa trajectoire professionnelle son investissement actuel dans l’interdisciplinarité et les sciences de la complexité. Géographe de formation, l’auteur s’est intéressé très tôt aux rapports structures/processus dans l’évolution des systèmes spatiaux et ses investigations l’ont amené à travailler sur les mobilités spatiales et certains de leurs risques ou externalités négatives associés (accidents, pollution, bruit, épidémies, congestion) dans une perspective associant étroitement la modélisation et la simulation, au service d’une démarche délibérément exploratoire. Ce positionnement a amené très tôt l’auteur à s’investir dans l’interdisciplinarité et dans la direction de collectifs interdisciplinaires, à l’image du GDR-E S4, de l’Institut des Systèmes Complexes de Paris-Ile de France ou de l’UMR Géographie-cités (CNRS-Paris1-Paris7).},
  file = {/home/robin/Dropbox/Biblio/Banos/Banos_2013_Pour_des_pratiques_de_modélisation_et_de.pdf},
  keywords = {ABM},
  langid = {french},
  pagetotal = {107},
  type = {Habilitation à Diriger des Recherches}
}

@inproceedings{boissavit2005chrono,
  title = {Chrono-Chorématique Urbaine: Figurer l’espace-Temps Des Villes},
  booktitle = {Temps et Espaces de l’homme En Société: Analyse et Modèles Spatiaux En Archéologie},
  author = {Boissavit-Camus, Brigitte and Djament, Géraldine and Dufaÿ, Bruno and Galinié, Henri and Grataloup, Christian and Guilloteau, Corinne and Rodier, Xavier},
  editor = {Berger, Jean-François and Bertoncello, Frédérique and Braemer, Frank and Davtian, Gourguen and Gazenbeek, Michiel},
  date = {2005},
  pages = {67--81},
  publisher = {{APDCA}},
  location = {{Antibes, France}},
  eventtitle = {{{XXVèmes}} Rencontres Internationales d'archéologie et d'histoire d'{{Antibes}}},
  isbn = {2-904110-40-2}
}

@article{brunet2000modeles,
  title = {Des Modèles En Géographie? {{Sens}} d'une Recherche},
  author = {Brunet, Roger},
  date = {2000},
  journaltitle = {Bulletin de la Société de Géographie de Liège},
  volume = {2},
  pages = {21--30},
  file = {/home/robin/Dropbox/Biblio/Brunet/Brunet_2000_Des_modèles_en_géographie.pdf},
  keywords = {⛔ No DOI found}
}

@article{durand-dastes_jamais_1999,
  title = {Jamais deux fois... Ou : de quelques précautions à prendre avec le temps},
  shorttitle = {Jamais deux fois...},
  author = {Durand-Dastès, François},
  date = {1999},
  journaltitle = {Travaux de l'Institut de Géographie de Reims},
  volume = {26},
  pages = {5--23},
  doi = {10/ggd36z},
  url = {https://www.persee.fr/doc/tigr_0048-7163_1999_num_26_101_1383},
  abstract = {On insiste sur le fait que la prise en compte du temps est indispensable en géographie, quelles que soient les problématiques et les méthodes privilégiées. Mais le temps doit être soumis à des traitements adaptés, il est objet et moyen de modélisation. On insiste sur l'intérêt qu'il y a à distinguer trois niveaux de temporalités, caractérisés par les ordres de grandeur des durées prises en considération, mais aussi par les pratiques auxquelles elles peuvent légitimement être soumises. La mise en œuvre de ces trois temporalités est fondée d'abord sur l'étude des constitutions d'objets géographiques observables, puis sur l'utilisation du temps dans la logique des systèmes, et enfin sur des considérations plus générales sur le temps dans les modèles en géographie. Des exemples précis sont développés, notamment celui de la transition démographique, à propos des systèmes.},
  file = {/home/robin/Dropbox/Biblio/Durand-Dastès/Durand-Dastès_1999_Jamais_deux_fois.pdf},
  langid = {french},
  number = {101}
}

@article{grimm_odd_2010,
  title = {The {{ODD}} Protocol: {{A}} Review and First Update},
  shorttitle = {The {{ODD}} Protocol},
  author = {Grimm, Volker and Berger, Uta and DeAngelis, Donald L and Polhill, J Gary and Giske, Jarl and Railsback, Steven F},
  date = {2010-11-24},
  journaltitle = {Ecological Modelling},
  shortjournal = {Ecological Modelling},
  volume = {221},
  pages = {2760--2768},
  issn = {0304-3800},
  doi = {10.1016/j.ecolmodel.2010.08.019},
  url = {http://www.sciencedirect.com/science/article/pii/S030438001000414X},
  abstract = {The ‘ODD’ (Overview, Design concepts, and Details) protocol was published in 2006 to standardize the published descriptions of individual-based and agent-based models (ABMs). The primary objectives of ODD are to make model descriptions more understandable and complete, thereby making ABMs less subject to criticism for being irreproducible. We have systematically evaluated existing uses of the ODD protocol and identified, as expected, parts of ODD needing improvement and clarification. Accordingly, we revise the definition of ODD to clarify aspects of the original version and thereby facilitate future standardization of ABM descriptions. We discuss frequently raised critiques in ODD but also two emerging, and unanticipated, benefits: ODD improves the rigorous formulation of models and helps make the theoretical foundations of large models more visible. Although the protocol was designed for ABMs, it can help with documenting any large, complex model, alleviating some general objections against such models.},
  file = {/home/robin/Dropbox/Biblio/Grimm_Bergeret-al/Grimm_Bergeret-al_2010_The_ODD_protocol.pdf},
  keywords = {Model description,Model formulation,Model replication,Scientific communication,Standardization},
  number = {23}
}

@article{minsky_matter_1965,
  title = {Matter, Mind and Models},
  author = {Minsky, Marvin},
  date = {1965},
  journaltitle = {Proc. International Federation of Information Processing Congress},
  volume = {1},
  pages = {45--49},
  url = {https://web.media.mit.edu/~minsky/papers/MatterMindModels.html},
  file = {/home/robin/Dropbox/Biblio/Minsky/Minsky_1965_Matter,_mind_and_models.pdf},
  keywords = {⛔ No DOI found}
}

@article{rodier2010dossier,
  title = {Dossier Chrono-Chorématique Urbaine},
  author = {Rodier, Xavier and Grataloup, Christian and Guilloteau, Corinne},
  date = {2010},
  journaltitle = {Mappemonde},
  pages = {105},
  url = {https://mappemonde-archive.mgm.fr/dos_chrono.html},
  keywords = {⛔ No DOI found},
  number = {100}
}


